%YAML 1.1
%TAG !u! tag:unity3d.com,2011:
--- !u!1 &3905857200793622171
GameObject:
  m_ObjectHideFlags: 0
  m_CorrespondingSourceObject: {fileID: 0}
  m_PrefabInstance: {fileID: 0}
  m_PrefabAsset: {fileID: 0}
  serializedVersion: 6
  m_Component:
  - component: {fileID: 3572576335796889206}
  m_Layer: 0
  m_Name: Right Cable
  m_TagString: Untagged
  m_Icon: {fileID: 0}
  m_NavMeshLayer: 0
  m_StaticEditorFlags: 0
  m_IsActive: 1
--- !u!4 &3572576335796889206
Transform:
  m_ObjectHideFlags: 0
  m_CorrespondingSourceObject: {fileID: 0}
  m_PrefabInstance: {fileID: 0}
  m_PrefabAsset: {fileID: 0}
  m_GameObject: {fileID: 3905857200793622171}
  m_LocalRotation: {x: -0, y: -0, z: -0, w: 1}
  m_LocalPosition: {x: 0.92959595, y: -1.4115267, z: 2.8932443}
  m_LocalScale: {x: 1, y: 1, z: 1}
  m_Children:
  - {fileID: 7271084266862814623}
  - {fileID: 8019165234457525069}
  - {fileID: 8073314523731942606}
  m_Father: {fileID: 1348518524895270174}
  m_RootOrder: 0
  m_LocalEulerAnglesHint: {x: 0, y: 0, z: 0}
--- !u!1 &5073925521559351029
GameObject:
  m_ObjectHideFlags: 0
  m_CorrespondingSourceObject: {fileID: 0}
  m_PrefabInstance: {fileID: 0}
  m_PrefabAsset: {fileID: 0}
  serializedVersion: 6
  m_Component:
  - component: {fileID: 1348518524895270174}
  m_Layer: 0
  m_Name: FallingLight
  m_TagString: Untagged
  m_Icon: {fileID: 0}
  m_NavMeshLayer: 0
  m_StaticEditorFlags: 0
  m_IsActive: 1
--- !u!4 &1348518524895270174
Transform:
  m_ObjectHideFlags: 0
  m_CorrespondingSourceObject: {fileID: 0}
  m_PrefabInstance: {fileID: 0}
  m_PrefabAsset: {fileID: 0}
  m_GameObject: {fileID: 5073925521559351029}
  m_LocalRotation: {x: 0, y: 0, z: 0, w: 1}
  m_LocalPosition: {x: 74.210304, y: 10.693998, z: -4.19}
  m_LocalScale: {x: 1, y: 1, z: 1}
  m_Children:
  - {fileID: 3572576335796889206}
  - {fileID: 8263867665641402286}
  - {fileID: 7749592236152792504}
  m_Father: {fileID: 0}
  m_RootOrder: 0
  m_LocalEulerAnglesHint: {x: 0, y: 0, z: 0}
--- !u!1 &5846232553497930105
GameObject:
  m_ObjectHideFlags: 0
  m_CorrespondingSourceObject: {fileID: 0}
  m_PrefabInstance: {fileID: 0}
  m_PrefabAsset: {fileID: 0}
  serializedVersion: 6
  m_Component:
  - component: {fileID: 8263867665641402286}
  m_Layer: 0
  m_Name: Left Cable
  m_TagString: Untagged
  m_Icon: {fileID: 0}
  m_NavMeshLayer: 0
  m_StaticEditorFlags: 0
  m_IsActive: 1
--- !u!4 &8263867665641402286
Transform:
  m_ObjectHideFlags: 0
  m_CorrespondingSourceObject: {fileID: 0}
  m_PrefabInstance: {fileID: 0}
  m_PrefabAsset: {fileID: 0}
  m_GameObject: {fileID: 5846232553497930105}
  m_LocalRotation: {x: -0, y: -0, z: -0, w: 1}
  m_LocalPosition: {x: 0.92959595, y: -1.4115267, z: 2.8932443}
  m_LocalScale: {x: 1, y: 1, z: 1}
  m_Children:
  - {fileID: 1444683466286825070}
  - {fileID: 1541314043119863427}
  - {fileID: 6184627341868940241}
  m_Father: {fileID: 1348518524895270174}
  m_RootOrder: 1
  m_LocalEulerAnglesHint: {x: 0, y: 0, z: 0}
--- !u!1001 &3384070131576114850
PrefabInstance:
  m_ObjectHideFlags: 0
  serializedVersion: 2
  m_Modification:
    m_TransformParent: {fileID: 1348518524895270174}
    m_Modifications:
    - target: {fileID: -927199367670048503, guid: 46bf91729958c3e419df6bf5f15c9ec4,
        type: 3}
      propertyPath: m_Name
      value: lightbulb (1)
      objectReference: {fileID: 0}
    - target: {fileID: -4216859302048453862, guid: 46bf91729958c3e419df6bf5f15c9ec4,
        type: 3}
      propertyPath: m_LocalPosition.x
      value: 1.2096939
      objectReference: {fileID: 0}
    - target: {fileID: -4216859302048453862, guid: 46bf91729958c3e419df6bf5f15c9ec4,
        type: 3}
      propertyPath: m_LocalPosition.y
      value: -2.0439987
      objectReference: {fileID: 0}
    - target: {fileID: -4216859302048453862, guid: 46bf91729958c3e419df6bf5f15c9ec4,
        type: 3}
      propertyPath: m_LocalPosition.z
      value: 0.13187075
      objectReference: {fileID: 0}
    - target: {fileID: -4216859302048453862, guid: 46bf91729958c3e419df6bf5f15c9ec4,
        type: 3}
      propertyPath: m_LocalRotation.x
      value: -0
      objectReference: {fileID: 0}
    - target: {fileID: -4216859302048453862, guid: 46bf91729958c3e419df6bf5f15c9ec4,
        type: 3}
      propertyPath: m_LocalRotation.y
      value: 0.70710707
      objectReference: {fileID: 0}
    - target: {fileID: -4216859302048453862, guid: 46bf91729958c3e419df6bf5f15c9ec4,
        type: 3}
      propertyPath: m_LocalRotation.z
      value: -0
      objectReference: {fileID: 0}
    - target: {fileID: -4216859302048453862, guid: 46bf91729958c3e419df6bf5f15c9ec4,
        type: 3}
      propertyPath: m_LocalRotation.w
      value: 0.70710653
      objectReference: {fileID: 0}
    - target: {fileID: -4216859302048453862, guid: 46bf91729958c3e419df6bf5f15c9ec4,
        type: 3}
      propertyPath: m_RootOrder
      value: 2
      objectReference: {fileID: 0}
    - target: {fileID: -4216859302048453862, guid: 46bf91729958c3e419df6bf5f15c9ec4,
        type: 3}
      propertyPath: m_LocalEulerAnglesHint.x
      value: 0
      objectReference: {fileID: 0}
    - target: {fileID: -4216859302048453862, guid: 46bf91729958c3e419df6bf5f15c9ec4,
        type: 3}
      propertyPath: m_LocalEulerAnglesHint.y
      value: 90.00001
      objectReference: {fileID: 0}
    - target: {fileID: -4216859302048453862, guid: 46bf91729958c3e419df6bf5f15c9ec4,
        type: 3}
      propertyPath: m_LocalEulerAnglesHint.z
      value: 0
      objectReference: {fileID: 0}
    - target: {fileID: -4216859302048453862, guid: 46bf91729958c3e419df6bf5f15c9ec4,
        type: 3}
      propertyPath: m_LocalScale.x
      value: 20
      objectReference: {fileID: 0}
    - target: {fileID: -4216859302048453862, guid: 46bf91729958c3e419df6bf5f15c9ec4,
        type: 3}
      propertyPath: m_LocalScale.y
      value: 20
      objectReference: {fileID: 0}
    - target: {fileID: -4216859302048453862, guid: 46bf91729958c3e419df6bf5f15c9ec4,
        type: 3}
      propertyPath: m_LocalScale.z
      value: 10
      objectReference: {fileID: 0}
    - target: {fileID: 159326557750545313, guid: 46bf91729958c3e419df6bf5f15c9ec4,
        type: 3}
      propertyPath: m_Materials.Array.data[0]
      value: 
      objectReference: {fileID: 2100000, guid: adb98c81383f8824392149ead5547da5, type: 2}
    - target: {fileID: 503722858106438655, guid: 46bf91729958c3e419df6bf5f15c9ec4,
        type: 3}
      propertyPath: m_Materials.Array.data[0]
      value: 
      objectReference: {fileID: 2100000, guid: adb98c81383f8824392149ead5547da5, type: 2}
    - target: {fileID: 5870983481869537794, guid: 46bf91729958c3e419df6bf5f15c9ec4,
        type: 3}
      propertyPath: m_Materials.Array.data[0]
      value: 
      objectReference: {fileID: 2100000, guid: ef1622f362ce01d4eae31d9086f803c3, type: 2}
    m_RemovedComponents: []
  m_SourcePrefab: {fileID: 100100000, guid: 46bf91729958c3e419df6bf5f15c9ec4, type: 3}
--- !u!4 &7749592236152792504 stripped
Transform:
  m_CorrespondingSourceObject: {fileID: -4216859302048453862, guid: 46bf91729958c3e419df6bf5f15c9ec4,
    type: 3}
  m_PrefabInstance: {fileID: 3384070131576114850}
  m_PrefabAsset: {fileID: 0}
--- !u!1001 &4211975601600606036
PrefabInstance:
  m_ObjectHideFlags: 0
  serializedVersion: 2
  m_Modification:
    m_TransformParent: {fileID: 8263867665641402286}
    m_Modifications:
    - target: {fileID: 1739554199142998825, guid: 947b790a7c25dcb4391c1ff4b8b89b82,
        type: 3}
      propertyPath: m_Name
      value: tube
      objectReference: {fileID: 0}
    - target: {fileID: 3350531386093326650, guid: 947b790a7c25dcb4391c1ff4b8b89b82,
        type: 3}
      propertyPath: m_LocalPosition.x
      value: -2.1728973
      objectReference: {fileID: 0}
    - target: {fileID: 3350531386093326650, guid: 947b790a7c25dcb4391c1ff4b8b89b82,
        type: 3}
      propertyPath: m_LocalPosition.y
      value: -0.32347202
      objectReference: {fileID: 0}
    - target: {fileID: 3350531386093326650, guid: 947b790a7c25dcb4391c1ff4b8b89b82,
        type: 3}
      propertyPath: m_LocalPosition.z
      value: -3.1493735
      objectReference: {fileID: 0}
    - target: {fileID: 3350531386093326650, guid: 947b790a7c25dcb4391c1ff4b8b89b82,
        type: 3}
      propertyPath: m_LocalRotation.x
      value: -0.0000001792623
      objectReference: {fileID: 0}
    - target: {fileID: 3350531386093326650, guid: 947b790a7c25dcb4391c1ff4b8b89b82,
        type: 3}
      propertyPath: m_LocalRotation.y
      value: 0.70710677
      objectReference: {fileID: 0}
    - target: {fileID: 3350531386093326650, guid: 947b790a7c25dcb4391c1ff4b8b89b82,
        type: 3}
      propertyPath: m_LocalRotation.z
      value: 0.7071068
      objectReference: {fileID: 0}
    - target: {fileID: 3350531386093326650, guid: 947b790a7c25dcb4391c1ff4b8b89b82,
        type: 3}
      propertyPath: m_LocalRotation.w
      value: 0.0000001490116
      objectReference: {fileID: 0}
    - target: {fileID: 3350531386093326650, guid: 947b790a7c25dcb4391c1ff4b8b89b82,
        type: 3}
      propertyPath: m_RootOrder
      value: 0
      objectReference: {fileID: 0}
    - target: {fileID: 3350531386093326650, guid: 947b790a7c25dcb4391c1ff4b8b89b82,
        type: 3}
      propertyPath: m_LocalEulerAnglesHint.x
      value: -90.00001
      objectReference: {fileID: 0}
    - target: {fileID: 3350531386093326650, guid: 947b790a7c25dcb4391c1ff4b8b89b82,
        type: 3}
      propertyPath: m_LocalEulerAnglesHint.y
      value: 0
      objectReference: {fileID: 0}
    - target: {fileID: 3350531386093326650, guid: 947b790a7c25dcb4391c1ff4b8b89b82,
        type: 3}
      propertyPath: m_LocalEulerAnglesHint.z
      value: -179.99998
      objectReference: {fileID: 0}
    m_RemovedComponents: []
  m_SourcePrefab: {fileID: 100100000, guid: 947b790a7c25dcb4391c1ff4b8b89b82, type: 3}
--- !u!4 &1444683466286825070 stripped
Transform:
  m_CorrespondingSourceObject: {fileID: 3350531386093326650, guid: 947b790a7c25dcb4391c1ff4b8b89b82,
    type: 3}
  m_PrefabInstance: {fileID: 4211975601600606036}
  m_PrefabAsset: {fileID: 0}
--- !u!1001 &4259458016339351481
PrefabInstance:
  m_ObjectHideFlags: 0
  serializedVersion: 2
  m_Modification:
    m_TransformParent: {fileID: 8263867665641402286}
    m_Modifications:
    - target: {fileID: 1739554199142998825, guid: 947b790a7c25dcb4391c1ff4b8b89b82,
        type: 3}
      propertyPath: m_Name
      value: tube (2)
      objectReference: {fileID: 0}
    - target: {fileID: 3350531386093326650, guid: 947b790a7c25dcb4391c1ff4b8b89b82,
        type: 3}
      propertyPath: m_LocalPosition.x
      value: -2.1728973
      objectReference: {fileID: 0}
    - target: {fileID: 3350531386093326650, guid: 947b790a7c25dcb4391c1ff4b8b89b82,
        type: 3}
      propertyPath: m_LocalPosition.y
      value: 1.6815271
      objectReference: {fileID: 0}
    - target: {fileID: 3350531386093326650, guid: 947b790a7c25dcb4391c1ff4b8b89b82,
        type: 3}
      propertyPath: m_LocalPosition.z
      value: -3.1493735
      objectReference: {fileID: 0}
    - target: {fileID: 3350531386093326650, guid: 947b790a7c25dcb4391c1ff4b8b89b82,
        type: 3}
      propertyPath: m_LocalRotation.x
      value: -0.0000001792623
      objectReference: {fileID: 0}
    - target: {fileID: 3350531386093326650, guid: 947b790a7c25dcb4391c1ff4b8b89b82,
        type: 3}
      propertyPath: m_LocalRotation.y
      value: 0.70710677
      objectReference: {fileID: 0}
    - target: {fileID: 3350531386093326650, guid: 947b790a7c25dcb4391c1ff4b8b89b82,
        type: 3}
      propertyPath: m_LocalRotation.z
      value: 0.7071068
      objectReference: {fileID: 0}
    - target: {fileID: 3350531386093326650, guid: 947b790a7c25dcb4391c1ff4b8b89b82,
        type: 3}
      propertyPath: m_LocalRotation.w
      value: 0.0000001490116
      objectReference: {fileID: 0}
    - target: {fileID: 3350531386093326650, guid: 947b790a7c25dcb4391c1ff4b8b89b82,
        type: 3}
      propertyPath: m_RootOrder
      value: 1
      objectReference: {fileID: 0}
    - target: {fileID: 3350531386093326650, guid: 947b790a7c25dcb4391c1ff4b8b89b82,
        type: 3}
      propertyPath: m_LocalEulerAnglesHint.x
      value: -90.00001
      objectReference: {fileID: 0}
    - target: {fileID: 3350531386093326650, guid: 947b790a7c25dcb4391c1ff4b8b89b82,
        type: 3}
      propertyPath: m_LocalEulerAnglesHint.y
      value: 0
      objectReference: {fileID: 0}
    - target: {fileID: 3350531386093326650, guid: 947b790a7c25dcb4391c1ff4b8b89b82,
        type: 3}
      propertyPath: m_LocalEulerAnglesHint.z
      value: -179.99998
      objectReference: {fileID: 0}
    m_RemovedComponents: []
  m_SourcePrefab: {fileID: 100100000, guid: 947b790a7c25dcb4391c1ff4b8b89b82, type: 3}
--- !u!4 &1541314043119863427 stripped
Transform:
  m_CorrespondingSourceObject: {fileID: 3350531386093326650, guid: 947b790a7c25dcb4391c1ff4b8b89b82,
    type: 3}
  m_PrefabInstance: {fileID: 4259458016339351481}
  m_PrefabAsset: {fileID: 0}
--- !u!1001 &4699144197761100407
PrefabInstance:
  m_ObjectHideFlags: 0
  serializedVersion: 2
  m_Modification:
    m_TransformParent: {fileID: 3572576335796889206}
    m_Modifications:
    - target: {fileID: 1739554199142998825, guid: 947b790a7c25dcb4391c1ff4b8b89b82,
        type: 3}
      propertyPath: m_Name
      value: tube (3)
      objectReference: {fileID: 0}
    - target: {fileID: 3350531386093326650, guid: 947b790a7c25dcb4391c1ff4b8b89b82,
        type: 3}
      propertyPath: m_LocalPosition.x
      value: 0.12310028
      objectReference: {fileID: 0}
    - target: {fileID: 3350531386093326650, guid: 947b790a7c25dcb4391c1ff4b8b89b82,
        type: 3}
      propertyPath: m_LocalPosition.y
      value: 1.6815271
      objectReference: {fileID: 0}
    - target: {fileID: 3350531386093326650, guid: 947b790a7c25dcb4391c1ff4b8b89b82,
        type: 3}
      propertyPath: m_LocalPosition.z
      value: -3.1493735
      objectReference: {fileID: 0}
    - target: {fileID: 3350531386093326650, guid: 947b790a7c25dcb4391c1ff4b8b89b82,
        type: 3}
      propertyPath: m_LocalRotation.x
      value: -0.0000001792623
      objectReference: {fileID: 0}
    - target: {fileID: 3350531386093326650, guid: 947b790a7c25dcb4391c1ff4b8b89b82,
        type: 3}
      propertyPath: m_LocalRotation.y
      value: 0.70710677
      objectReference: {fileID: 0}
    - target: {fileID: 3350531386093326650, guid: 947b790a7c25dcb4391c1ff4b8b89b82,
        type: 3}
      propertyPath: m_LocalRotation.z
      value: 0.7071068
      objectReference: {fileID: 0}
    - target: {fileID: 3350531386093326650, guid: 947b790a7c25dcb4391c1ff4b8b89b82,
        type: 3}
      propertyPath: m_LocalRotation.w
      value: 0.0000001490116
      objectReference: {fileID: 0}
    - target: {fileID: 3350531386093326650, guid: 947b790a7c25dcb4391c1ff4b8b89b82,
        type: 3}
      propertyPath: m_RootOrder
      value: 1
      objectReference: {fileID: 0}
    - target: {fileID: 3350531386093326650, guid: 947b790a7c25dcb4391c1ff4b8b89b82,
        type: 3}
      propertyPath: m_LocalEulerAnglesHint.x
      value: -90.00001
      objectReference: {fileID: 0}
    - target: {fileID: 3350531386093326650, guid: 947b790a7c25dcb4391c1ff4b8b89b82,
        type: 3}
      propertyPath: m_LocalEulerAnglesHint.y
      value: 0
      objectReference: {fileID: 0}
    - target: {fileID: 3350531386093326650, guid: 947b790a7c25dcb4391c1ff4b8b89b82,
        type: 3}
      propertyPath: m_LocalEulerAnglesHint.z
      value: -179.99998
      objectReference: {fileID: 0}
    m_RemovedComponents: []
  m_SourcePrefab: {fileID: 100100000, guid: 947b790a7c25dcb4391c1ff4b8b89b82, type: 3}
--- !u!4 &8019165234457525069 stripped
Transform:
  m_CorrespondingSourceObject: {fileID: 3350531386093326650, guid: 947b790a7c25dcb4391c1ff4b8b89b82,
    type: 3}
  m_PrefabInstance: {fileID: 4699144197761100407}
  m_PrefabAsset: {fileID: 0}
--- !u!1001 &5374885724793992357
PrefabInstance:
  m_ObjectHideFlags: 0
  serializedVersion: 2
  m_Modification:
    m_TransformParent: {fileID: 3572576335796889206}
    m_Modifications:
    - target: {fileID: 1739554199142998825, guid: 947b790a7c25dcb4391c1ff4b8b89b82,
        type: 3}
      propertyPath: m_Name
      value: tube (1)
      objectReference: {fileID: 0}
    - target: {fileID: 3350531386093326650, guid: 947b790a7c25dcb4391c1ff4b8b89b82,
        type: 3}
      propertyPath: m_LocalPosition.x
      value: 0.12310028
      objectReference: {fileID: 0}
    - target: {fileID: 3350531386093326650, guid: 947b790a7c25dcb4391c1ff4b8b89b82,
        type: 3}
      propertyPath: m_LocalPosition.y
      value: -0.32347202
      objectReference: {fileID: 0}
    - target: {fileID: 3350531386093326650, guid: 947b790a7c25dcb4391c1ff4b8b89b82,
        type: 3}
      propertyPath: m_LocalPosition.z
      value: -3.1493735
      objectReference: {fileID: 0}
    - target: {fileID: 3350531386093326650, guid: 947b790a7c25dcb4391c1ff4b8b89b82,
        type: 3}
      propertyPath: m_LocalRotation.x
      value: -0.0000001792623
      objectReference: {fileID: 0}
    - target: {fileID: 3350531386093326650, guid: 947b790a7c25dcb4391c1ff4b8b89b82,
        type: 3}
      propertyPath: m_LocalRotation.y
      value: 0.70710677
      objectReference: {fileID: 0}
    - target: {fileID: 3350531386093326650, guid: 947b790a7c25dcb4391c1ff4b8b89b82,
        type: 3}
      propertyPath: m_LocalRotation.z
      value: 0.7071068
      objectReference: {fileID: 0}
    - target: {fileID: 3350531386093326650, guid: 947b790a7c25dcb4391c1ff4b8b89b82,
        type: 3}
      propertyPath: m_LocalRotation.w
      value: 0.0000001490116
      objectReference: {fileID: 0}
    - target: {fileID: 3350531386093326650, guid: 947b790a7c25dcb4391c1ff4b8b89b82,
        type: 3}
      propertyPath: m_RootOrder
      value: 0
      objectReference: {fileID: 0}
    - target: {fileID: 3350531386093326650, guid: 947b790a7c25dcb4391c1ff4b8b89b82,
        type: 3}
      propertyPath: m_LocalEulerAnglesHint.x
      value: -90.00001
      objectReference: {fileID: 0}
    - target: {fileID: 3350531386093326650, guid: 947b790a7c25dcb4391c1ff4b8b89b82,
        type: 3}
      propertyPath: m_LocalEulerAnglesHint.y
      value: 0
      objectReference: {fileID: 0}
    - target: {fileID: 3350531386093326650, guid: 947b790a7c25dcb4391c1ff4b8b89b82,
        type: 3}
      propertyPath: m_LocalEulerAnglesHint.z
      value: -179.99998
      objectReference: {fileID: 0}
    m_RemovedComponents: []
  m_SourcePrefab: {fileID: 100100000, guid: 947b790a7c25dcb4391c1ff4b8b89b82, type: 3}
--- !u!4 &7271084266862814623 stripped
Transform:
  m_CorrespondingSourceObject: {fileID: 3350531386093326650, guid: 947b790a7c25dcb4391c1ff4b8b89b82,
    type: 3}
  m_PrefabInstance: {fileID: 5374885724793992357}
  m_PrefabAsset: {fileID: 0}
--- !u!1001 &6806441261091294708
PrefabInstance:
  m_ObjectHideFlags: 0
  serializedVersion: 2
  m_Modification:
    m_TransformParent: {fileID: 3572576335796889206}
    m_Modifications:
    - target: {fileID: 1739554199142998825, guid: 947b790a7c25dcb4391c1ff4b8b89b82,
        type: 3}
      propertyPath: m_Name
      value: tube (5)
      objectReference: {fileID: 0}
    - target: {fileID: 3350531386093326650, guid: 947b790a7c25dcb4391c1ff4b8b89b82,
        type: 3}
      propertyPath: m_LocalPosition.x
      value: 0.12310028
      objectReference: {fileID: 0}
    - target: {fileID: 3350531386093326650, guid: 947b790a7c25dcb4391c1ff4b8b89b82,
        type: 3}
      propertyPath: m_LocalPosition.y
      value: 3.6815271
      objectReference: {fileID: 0}
    - target: {fileID: 3350531386093326650, guid: 947b790a7c25dcb4391c1ff4b8b89b82,
        type: 3}
      propertyPath: m_LocalPosition.z
      value: -3.1493735
      objectReference: {fileID: 0}
    - target: {fileID: 3350531386093326650, guid: 947b790a7c25dcb4391c1ff4b8b89b82,
        type: 3}
      propertyPath: m_LocalRotation.x
      value: -0.0000001792623
      objectReference: {fileID: 0}
    - target: {fileID: 3350531386093326650, guid: 947b790a7c25dcb4391c1ff4b8b89b82,
        type: 3}
      propertyPath: m_LocalRotation.y
      value: 0.70710677
      objectReference: {fileID: 0}
    - target: {fileID: 3350531386093326650, guid: 947b790a7c25dcb4391c1ff4b8b89b82,
        type: 3}
      propertyPath: m_LocalRotation.z
      value: 0.7071068
      objectReference: {fileID: 0}
    - target: {fileID: 3350531386093326650, guid: 947b790a7c25dcb4391c1ff4b8b89b82,
        type: 3}
      propertyPath: m_LocalRotation.w
      value: 0.0000001490116
      objectReference: {fileID: 0}
    - target: {fileID: 3350531386093326650, guid: 947b790a7c25dcb4391c1ff4b8b89b82,
        type: 3}
      propertyPath: m_RootOrder
      value: 2
      objectReference: {fileID: 0}
    - target: {fileID: 3350531386093326650, guid: 947b790a7c25dcb4391c1ff4b8b89b82,
        type: 3}
      propertyPath: m_LocalEulerAnglesHint.x
      value: -90.00001
      objectReference: {fileID: 0}
    - target: {fileID: 3350531386093326650, guid: 947b790a7c25dcb4391c1ff4b8b89b82,
        type: 3}
      propertyPath: m_LocalEulerAnglesHint.y
      value: 0
      objectReference: {fileID: 0}
    - target: {fileID: 3350531386093326650, guid: 947b790a7c25dcb4391c1ff4b8b89b82,
        type: 3}
      propertyPath: m_LocalEulerAnglesHint.z
      value: -179.99998
      objectReference: {fileID: 0}
    m_RemovedComponents: []
  m_SourcePrefab: {fileID: 100100000, guid: 947b790a7c25dcb4391c1ff4b8b89b82, type: 3}
--- !u!4 &8073314523731942606 stripped
Transform:
  m_CorrespondingSourceObject: {fileID: 3350531386093326650, guid: 947b790a7c25dcb4391c1ff4b8b89b82,
    type: 3}
  m_PrefabInstance: {fileID: 6806441261091294708}
  m_PrefabAsset: {fileID: 0}
--- !u!1001 &8911303458081467115
PrefabInstance:
  m_ObjectHideFlags: 0
  serializedVersion: 2
  m_Modification:
    m_TransformParent: {fileID: 8263867665641402286}
    m_Modifications:
    - target: {fileID: 1739554199142998825, guid: 947b790a7c25dcb4391c1ff4b8b89b82,
        type: 3}
      propertyPath: m_Name
      value: tube (4)
      objectReference: {fileID: 0}
    - target: {fileID: 3350531386093326650, guid: 947b790a7c25dcb4391c1ff4b8b89b82,
        type: 3}
      propertyPath: m_LocalPosition.x
      value: -2.1728973
      objectReference: {fileID: 0}
    - target: {fileID: 3350531386093326650, guid: 947b790a7c25dcb4391c1ff4b8b89b82,
        type: 3}
      propertyPath: m_LocalPosition.y
      value: 3.6815271
      objectReference: {fileID: 0}
    - target: {fileID: 3350531386093326650, guid: 947b790a7c25dcb4391c1ff4b8b89b82,
        type: 3}
      propertyPath: m_LocalPosition.z
      value: -3.1493735
      objectReference: {fileID: 0}
    - target: {fileID: 3350531386093326650, guid: 947b790a7c25dcb4391c1ff4b8b89b82,
        type: 3}
      propertyPath: m_LocalRotation.x
      value: -0.0000001792623
      objectReference: {fileID: 0}
    - target: {fileID: 3350531386093326650, guid: 947b790a7c25dcb4391c1ff4b8b89b82,
        type: 3}
      propertyPath: m_LocalRotation.y
      value: 0.70710677
      objectReference: {fileID: 0}
    - target: {fileID: 3350531386093326650, guid: 947b790a7c25dcb4391c1ff4b8b89b82,
        type: 3}
      propertyPath: m_LocalRotation.z
      value: 0.7071068
      objectReference: {fileID: 0}
    - target: {fileID: 3350531386093326650, guid: 947b790a7c25dcb4391c1ff4b8b89b82,
        type: 3}
      propertyPath: m_LocalRotation.w
      value: 0.0000001490116
      objectReference: {fileID: 0}
    - target: {fileID: 3350531386093326650, guid: 947b790a7c25dcb4391c1ff4b8b89b82,
        type: 3}
      propertyPath: m_RootOrder
      value: 2
      objectReference: {fileID: 0}
    - target: {fileID: 3350531386093326650, guid: 947b790a7c25dcb4391c1ff4b8b89b82,
        type: 3}
      propertyPath: m_LocalEulerAnglesHint.x
      value: -90.00001
      objectReference: {fileID: 0}
    - target: {fileID: 3350531386093326650, guid: 947b790a7c25dcb4391c1ff4b8b89b82,
        type: 3}
      propertyPath: m_LocalEulerAnglesHint.y
      value: 0
      objectReference: {fileID: 0}
    - target: {fileID: 3350531386093326650, guid: 947b790a7c25dcb4391c1ff4b8b89b82,
        type: 3}
      propertyPath: m_LocalEulerAnglesHint.z
      value: -179.99998
      objectReference: {fileID: 0}
    m_RemovedComponents: []
  m_SourcePrefab: {fileID: 100100000, guid: 947b790a7c25dcb4391c1ff4b8b89b82, type: 3}
--- !u!4 &6184627341868940241 stripped
Transform:
  m_CorrespondingSourceObject: {fileID: 3350531386093326650, guid: 947b790a7c25dcb4391c1ff4b8b89b82,
    type: 3}
  m_PrefabInstance: {fileID: 8911303458081467115}
  m_PrefabAsset: {fileID: 0}
