%YAML 1.1
%TAG !u! tag:unity3d.com,2011:
--- !u!1 &3195640484554632676
GameObject:
  m_ObjectHideFlags: 0
  m_CorrespondingSourceObject: {fileID: 0}
  m_PrefabInstance: {fileID: 0}
  m_PrefabAsset: {fileID: 0}
  serializedVersion: 6
  m_Component:
  - component: {fileID: 1700906719882085686}
  - component: {fileID: 474946796775316459}
  m_Layer: 0
  m_Name: Latch
  m_TagString: Untagged
  m_Icon: {fileID: 0}
  m_NavMeshLayer: 0
  m_StaticEditorFlags: 0
  m_IsActive: 1
--- !u!4 &1700906719882085686
Transform:
  m_ObjectHideFlags: 0
  m_CorrespondingSourceObject: {fileID: 0}
  m_PrefabInstance: {fileID: 0}
  m_PrefabAsset: {fileID: 0}
  m_GameObject: {fileID: 3195640484554632676}
  m_LocalRotation: {x: -0, y: -0, z: -0, w: 1}
  m_LocalPosition: {x: -20.271, y: -36.222363, z: -2.1922574}
  m_LocalScale: {x: 1, y: 1, z: 1}
  m_Children:
  - {fileID: 6911285160735608802}
  - {fileID: 7106695006222168000}
  m_Father: {fileID: 0}
  m_RootOrder: 0
  m_LocalEulerAnglesHint: {x: 0, y: 0, z: 0}
--- !u!95 &474946796775316459
Animator:
  serializedVersion: 3
  m_ObjectHideFlags: 0
  m_CorrespondingSourceObject: {fileID: 0}
  m_PrefabInstance: {fileID: 0}
  m_PrefabAsset: {fileID: 0}
  m_GameObject: {fileID: 3195640484554632676}
  m_Enabled: 1
  m_Avatar: {fileID: 0}
  m_Controller: {fileID: 9100000, guid: b9b24e3e5a7f38b429d1b8f93ac51b36, type: 2}
  m_CullingMode: 0
  m_UpdateMode: 0
  m_ApplyRootMotion: 0
  m_LinearVelocityBlending: 0
  m_WarningMessage: 
  m_HasTransformHierarchy: 1
  m_AllowConstantClipSamplingOptimization: 1
  m_KeepAnimatorControllerStateOnDisable: 0
--- !u!1 &6064546005543984058
GameObject:
  m_ObjectHideFlags: 0
  m_CorrespondingSourceObject: {fileID: 0}
  m_PrefabInstance: {fileID: 0}
  m_PrefabAsset: {fileID: 0}
  serializedVersion: 6
  m_Component:
  - component: {fileID: 7106695006222168000}
  m_Layer: 0
  m_Name: Hook Pivot
  m_TagString: Untagged
  m_Icon: {fileID: 0}
  m_NavMeshLayer: 0
  m_StaticEditorFlags: 0
  m_IsActive: 1
--- !u!4 &7106695006222168000
Transform:
  m_ObjectHideFlags: 0
  m_CorrespondingSourceObject: {fileID: 0}
  m_PrefabInstance: {fileID: 0}
  m_PrefabAsset: {fileID: 0}
  m_GameObject: {fileID: 6064546005543984058}
  m_LocalRotation: {x: -0, y: -0, z: -0, w: 1}
  m_LocalPosition: {x: -0.060001373, y: 0.31136322, z: 0.31925726}
  m_LocalScale: {x: 1, y: 1, z: 1}
  m_Children:
  - {fileID: 6911285159798709929}
  m_Father: {fileID: 1700906719882085686}
  m_RootOrder: 1
  m_LocalEulerAnglesHint: {x: 0, y: 0, z: 0}
--- !u!1 &6911285159798709924
GameObject:
  m_ObjectHideFlags: 0
  m_CorrespondingSourceObject: {fileID: 0}
  m_PrefabInstance: {fileID: 0}
  m_PrefabAsset: {fileID: 0}
  serializedVersion: 6
  m_Component:
  - component: {fileID: 6911285159798709929}
  - component: {fileID: 6911285159798709928}
  - component: {fileID: 6911285159798709931}
  - component: {fileID: 6911285159798709930}
  - component: {fileID: 6911285159798709925}
  m_Layer: 0
  m_Name: Hook
  m_TagString: Untagged
  m_Icon: {fileID: 0}
  m_NavMeshLayer: 0
  m_StaticEditorFlags: 0
  m_IsActive: 1
--- !u!4 &6911285159798709929
Transform:
  m_ObjectHideFlags: 0
  m_CorrespondingSourceObject: {fileID: 0}
  m_PrefabInstance: {fileID: 0}
  m_PrefabAsset: {fileID: 0}
  m_GameObject: {fileID: 6911285159798709924}
  m_LocalRotation: {x: -0, y: -0, z: 0.7071068, w: 0.7071068}
  m_LocalPosition: {x: 0.4845276, y: -0.4984169, z: 0.28483105}
  m_LocalScale: {x: 0.5329009, y: 0.5329009, z: 0.5329}
  m_Children: []
  m_Father: {fileID: 7106695006222168000}
  m_RootOrder: 0
  m_LocalEulerAnglesHint: {x: 0, y: 0, z: 90}
--- !u!33 &6911285159798709928
MeshFilter:
  m_ObjectHideFlags: 0
  m_CorrespondingSourceObject: {fileID: 0}
  m_PrefabInstance: {fileID: 0}
  m_PrefabAsset: {fileID: 0}
  m_GameObject: {fileID: 6911285159798709924}
  m_Mesh: {fileID: 0}
--- !u!23 &6911285159798709931
MeshRenderer:
  m_ObjectHideFlags: 0
  m_CorrespondingSourceObject: {fileID: 0}
  m_PrefabInstance: {fileID: 0}
  m_PrefabAsset: {fileID: 0}
  m_GameObject: {fileID: 6911285159798709924}
  m_Enabled: 1
  m_CastShadows: 1
  m_ReceiveShadows: 1
  m_DynamicOccludee: 1
  m_MotionVectors: 1
  m_LightProbeUsage: 1
  m_ReflectionProbeUsage: 1
  m_RenderingLayerMask: 1
  m_RendererPriority: 0
  m_Materials:
  - {fileID: 2100000, guid: c22777d6e868e4f2fb421913386b154e, type: 2}
  m_StaticBatchInfo:
    firstSubMesh: 0
    subMeshCount: 0
  m_StaticBatchRoot: {fileID: 0}
  m_ProbeAnchor: {fileID: 0}
  m_LightProbeVolumeOverride: {fileID: 0}
  m_ScaleInLightmap: 1
  m_PreserveUVs: 0
  m_IgnoreNormalsForChartDetection: 0
  m_ImportantGI: 0
  m_StitchLightmapSeams: 1
  m_SelectedEditorRenderState: 2
  m_MinimumChartSize: 4
  m_AutoUVMaxDistance: 0.5
  m_AutoUVMaxAngle: 89
  m_LightmapParameters: {fileID: 0}
  m_SortingLayerID: 0
  m_SortingLayer: 0
  m_SortingOrder: 0
--- !u!114 &6911285159798709930
MonoBehaviour:
  m_ObjectHideFlags: 0
  m_CorrespondingSourceObject: {fileID: 0}
  m_PrefabInstance: {fileID: 0}
  m_PrefabAsset: {fileID: 0}
  m_GameObject: {fileID: 6911285159798709924}
  m_Enabled: 1
  m_EditorHideFlags: 0
  m_Script: {fileID: 11500000, guid: 8233d90336aea43098adf6dbabd606a2, type: 3}
  m_Name: 
  m_EditorClassIdentifier: 
  m_MeshFormatVersion: 1
  m_Faces:
  - m_Indexes: 000000000100000002000000010000000300000002000000
    m_SmoothingGroup: 0
    m_Uv:
      m_UseWorldSpace: 0
      m_FlipU: 0
      m_FlipV: 0
      m_SwapUV: 0
      m_Fill: 1
      m_Scale: {x: 1, y: 1}
      m_Offset: {x: 0, y: 0}
      m_Rotation: 0
      m_Anchor: 9
    m_Material: {fileID: 0}
    m_SubmeshIndex: 0
    m_ManualUV: 0
    elementGroup: -1
    m_TextureGroup: -1
  - m_Indexes: 040000000500000006000000050000000700000006000000
    m_SmoothingGroup: 0
    m_Uv:
      m_UseWorldSpace: 0
      m_FlipU: 0
      m_FlipV: 0
      m_SwapUV: 0
      m_Fill: 1
      m_Scale: {x: 1, y: 1}
      m_Offset: {x: 0, y: 0}
      m_Rotation: 0
      m_Anchor: 9
    m_Material: {fileID: 0}
    m_SubmeshIndex: 0
    m_ManualUV: 0
    elementGroup: -1
    m_TextureGroup: -1
  - m_Indexes: 08000000090000000a000000090000000b0000000a000000
    m_SmoothingGroup: 0
    m_Uv:
      m_UseWorldSpace: 0
      m_FlipU: 0
      m_FlipV: 0
      m_SwapUV: 0
      m_Fill: 1
      m_Scale: {x: 1, y: 1}
      m_Offset: {x: 0, y: 0}
      m_Rotation: 0
      m_Anchor: 9
    m_Material: {fileID: 0}
    m_SubmeshIndex: 0
    m_ManualUV: 0
    elementGroup: -1
    m_TextureGroup: -1
  - m_Indexes: 100000000c0000000f0000000d0000000f0000000c0000000d0000000e0000000f000000
    m_SmoothingGroup: 0
    m_Uv:
      m_UseWorldSpace: 0
      m_FlipU: 0
      m_FlipV: 0
      m_SwapUV: 0
      m_Fill: 1
      m_Scale: {x: 1, y: 1}
      m_Offset: {x: 0, y: 0}
      m_Rotation: 0
      m_Anchor: 9
    m_Material: {fileID: 2100000, guid: c22777d6e868e4f2fb421913386b154e, type: 2}
    m_SubmeshIndex: 0
    m_ManualUV: 0
    elementGroup: 0
    m_TextureGroup: -1
  - m_Indexes: 150000001100000014000000140000001100000012000000130000001400000012000000
    m_SmoothingGroup: 0
    m_Uv:
      m_UseWorldSpace: 0
      m_FlipU: 0
      m_FlipV: 0
      m_SwapUV: 0
      m_Fill: 1
      m_Scale: {x: 1, y: 1}
      m_Offset: {x: 0, y: 0}
      m_Rotation: 0
      m_Anchor: 9
    m_Material: {fileID: 2100000, guid: c22777d6e868e4f2fb421913386b154e, type: 2}
    m_SubmeshIndex: 0
    m_ManualUV: 0
    elementGroup: 0
    m_TextureGroup: -1
  - m_Indexes: 180000001900000017000000190000001600000017000000
    m_SmoothingGroup: 0
    m_Uv:
      m_UseWorldSpace: 0
      m_FlipU: 0
      m_FlipV: 0
      m_SwapUV: 0
      m_Fill: 1
      m_Scale: {x: 1, y: 1}
      m_Offset: {x: 0, y: 0}
      m_Rotation: 0
      m_Anchor: 9
    m_Material: {fileID: 2100000, guid: c22777d6e868e4f2fb421913386b154e, type: 2}
    m_SubmeshIndex: 0
    m_ManualUV: 0
    elementGroup: 0
    m_TextureGroup: -1
  - m_Indexes: 1c0000001d0000001b0000001d0000001a0000001b000000
    m_SmoothingGroup: 0
    m_Uv:
      m_UseWorldSpace: 0
      m_FlipU: 0
      m_FlipV: 0
      m_SwapUV: 0
      m_Fill: 1
      m_Scale: {x: 1, y: 1}
      m_Offset: {x: 0, y: 0}
      m_Rotation: 0
      m_Anchor: 9
    m_Material: {fileID: 2100000, guid: c22777d6e868e4f2fb421913386b154e, type: 2}
    m_SubmeshIndex: 0
    m_ManualUV: 0
    elementGroup: 0
    m_TextureGroup: 1
  - m_Indexes: 1e0000001f000000200000001f0000002100000020000000
    m_SmoothingGroup: 0
    m_Uv:
      m_UseWorldSpace: 0
      m_FlipU: 0
      m_FlipV: 0
      m_SwapUV: 0
      m_Fill: 1
      m_Scale: {x: 1, y: 1}
      m_Offset: {x: 0, y: 0}
      m_Rotation: 0
      m_Anchor: 9
    m_Material: {fileID: 0}
    m_SubmeshIndex: 0
    m_ManualUV: 0
    elementGroup: -1
    m_TextureGroup: -1
  - m_Indexes: 240000002500000026000000230000002400000026000000230000002600000022000000
    m_SmoothingGroup: 0
    m_Uv:
      m_UseWorldSpace: 0
      m_FlipU: 0
      m_FlipV: 0
      m_SwapUV: 0
      m_Fill: 1
      m_Scale: {x: 1, y: 1}
      m_Offset: {x: 0, y: 0}
      m_Rotation: 0
      m_Anchor: 9
    m_Material: {fileID: 2100000, guid: c22777d6e868e4f2fb421913386b154e, type: 2}
    m_SubmeshIndex: 0
    m_ManualUV: 0
    elementGroup: 0
    m_TextureGroup: -1
  - m_Indexes: 27000000280000002a00000028000000290000002a000000
    m_SmoothingGroup: 0
    m_Uv:
      m_UseWorldSpace: 0
      m_FlipU: 0
      m_FlipV: 0
      m_SwapUV: 0
      m_Fill: 1
      m_Scale: {x: 1, y: 1}
      m_Offset: {x: 0, y: 0}
      m_Rotation: 0
      m_Anchor: 9
    m_Material: {fileID: 2100000, guid: c22777d6e868e4f2fb421913386b154e, type: 2}
    m_SubmeshIndex: 0
    m_ManualUV: 0
    elementGroup: 0
    m_TextureGroup: 2
  - m_Indexes: 2e0000002b0000002c0000002d0000002e0000002c000000
    m_SmoothingGroup: 0
    m_Uv:
      m_UseWorldSpace: 0
      m_FlipU: 0
      m_FlipV: 0
      m_SwapUV: 0
      m_Fill: 1
      m_Scale: {x: 1, y: 1}
      m_Offset: {x: 0, y: 0}
      m_Rotation: 0
      m_Anchor: 9
    m_Material: {fileID: 2100000, guid: c22777d6e868e4f2fb421913386b154e, type: 2}
    m_SubmeshIndex: 0
    m_ManualUV: 0
    elementGroup: 0
    m_TextureGroup: -1
  - m_Indexes: 30000000310000002f00000031000000330000002f000000310000003200000033000000
    m_SmoothingGroup: 0
    m_Uv:
      m_UseWorldSpace: 0
      m_FlipU: 0
      m_FlipV: 0
      m_SwapUV: 0
      m_Fill: 1
      m_Scale: {x: 1, y: 1}
      m_Offset: {x: 0, y: 0}
      m_Rotation: 0
      m_Anchor: 9
    m_Material: {fileID: 2100000, guid: c22777d6e868e4f2fb421913386b154e, type: 2}
    m_SubmeshIndex: 0
    m_ManualUV: 0
    elementGroup: 0
    m_TextureGroup: -1
  - m_Indexes: 340000003500000036000000350000003700000036000000
    m_SmoothingGroup: 0
    m_Uv:
      m_UseWorldSpace: 0
      m_FlipU: 0
      m_FlipV: 0
      m_SwapUV: 0
      m_Fill: 1
      m_Scale: {x: 1, y: 1}
      m_Offset: {x: 0, y: 0}
      m_Rotation: 0
      m_Anchor: 9
    m_Material: {fileID: 0}
    m_SubmeshIndex: 0
    m_ManualUV: 0
    elementGroup: -1
    m_TextureGroup: -1
  - m_Indexes: 38000000390000003a000000390000003b0000003a000000
    m_SmoothingGroup: 0
    m_Uv:
      m_UseWorldSpace: 0
      m_FlipU: 0
      m_FlipV: 0
      m_SwapUV: 0
      m_Fill: 1
      m_Scale: {x: 1, y: 1}
      m_Offset: {x: 0, y: 0}
      m_Rotation: 0
      m_Anchor: 9
    m_Material: {fileID: 0}
    m_SubmeshIndex: 0
    m_ManualUV: 0
    elementGroup: -1
    m_TextureGroup: -1
  - m_Indexes: 3c0000003d0000003e0000003d0000003f0000003e000000
    m_SmoothingGroup: 0
    m_Uv:
      m_UseWorldSpace: 0
      m_FlipU: 0
      m_FlipV: 0
      m_SwapUV: 0
      m_Fill: 1
      m_Scale: {x: 1, y: 1}
      m_Offset: {x: 0, y: 0}
      m_Rotation: 0
      m_Anchor: 9
    m_Material: {fileID: 0}
    m_SubmeshIndex: 0
    m_ManualUV: 0
    elementGroup: -1
    m_TextureGroup: -1
  - m_Indexes: 400000004100000042000000410000004300000042000000
    m_SmoothingGroup: 0
    m_Uv:
      m_UseWorldSpace: 0
      m_FlipU: 0
      m_FlipV: 0
      m_SwapUV: 0
      m_Fill: 1
      m_Scale: {x: 1, y: 1}
      m_Offset: {x: 0, y: 0}
      m_Rotation: 0
      m_Anchor: 9
    m_Material: {fileID: 0}
    m_SubmeshIndex: 0
    m_ManualUV: 0
    elementGroup: -1
    m_TextureGroup: -1
  m_SharedVertices:
  - m_Vertices: 000000000b0000000d000000
  - m_Vertices: 010000000900000011000000
  - m_Vertices: 020000000e0000001b000000
  - m_Vertices: 03000000150000001c000000
  - m_Vertices: 040000000800000012000000
  - m_Vertices: 050000000a0000000c000000
  - m_Vertices: 06000000130000001e00000023000000
  - m_Vertices: 07000000100000001f0000002f000000
  - m_Vertices: 0f0000001a0000002700000030000000
  - m_Vertices: 140000001d0000002200000028000000
  - m_Vertices: 160000002100000033000000
  - m_Vertices: 17000000320000003c00000041000000
  - m_Vertices: 2d0000003e00000043000000
  - m_Vertices: 18000000250000003900000040000000
  - m_Vertices: 2c0000003b00000042000000
  - m_Vertices: 190000002000000024000000
  - m_Vertices: 26000000290000003500000038000000
  - m_Vertices: 2b000000370000003a000000
  - m_Vertices: 2a00000031000000340000003d000000
  - m_Vertices: 2e000000360000003f000000
  m_SharedTextures: []
  m_Positions:
  - {x: 1, y: 0.8999827, z: -0.45635104}
  - {x: 1, y: 0.8999829, z: -0.5728364}
  - {x: 1, y: 0.9999964, z: -0.45635104}
  - {x: 1, y: 1.0000002, z: -0.5728364}
  - {x: 0.743075, y: 0.89998275, z: -0.57283616}
  - {x: 0.743075, y: 0.89998275, z: -0.45635104}
  - {x: 0.743075, y: 0.9999965, z: -0.57283616}
  - {x: 0.743075, y: 0.9999965, z: -0.45635104}
  - {x: 0.743075, y: 0.89998275, z: -0.57283616}
  - {x: 1, y: 0.8999829, z: -0.5728364}
  - {x: 0.743075, y: 0.89998275, z: -0.45635104}
  - {x: 1, y: 0.8999827, z: -0.45635104}
  - {x: 0.743075, y: 0.89998275, z: -0.45635104}
  - {x: 1, y: 0.8999827, z: -0.45635104}
  - {x: 1, y: 0.9999964, z: -0.45635104}
  - {x: 0.82866067, y: 0.9999965, z: -0.45635104}
  - {x: 0.743075, y: 0.9999965, z: -0.45635104}
  - {x: 1, y: 0.8999829, z: -0.5728364}
  - {x: 0.743075, y: 0.89998275, z: -0.57283616}
  - {x: 0.743075, y: 0.9999965, z: -0.57283616}
  - {x: 0.82866067, y: 0.9999965, z: -0.57283616}
  - {x: 1, y: 1.0000002, z: -0.5728364}
  - {x: 0.7430629, y: 1.6496149, z: -0.45635107}
  - {x: 0.82864827, y: 1.6496149, z: -0.45635107}
  - {x: 0.82864827, y: 1.6496149, z: -0.57283616}
  - {x: 0.7430629, y: 1.6496149, z: -0.57283616}
  - {x: 0.82866067, y: 0.9999965, z: -0.45635104}
  - {x: 1, y: 0.9999964, z: -0.45635104}
  - {x: 1, y: 1.0000002, z: -0.5728364}
  - {x: 0.82866067, y: 0.9999965, z: -0.57283616}
  - {x: 0.743075, y: 0.9999965, z: -0.57283616}
  - {x: 0.743075, y: 0.9999965, z: -0.45635104}
  - {x: 0.7430629, y: 1.6496149, z: -0.57283616}
  - {x: 0.7430629, y: 1.6496149, z: -0.45635107}
  - {x: 0.82866067, y: 0.9999965, z: -0.57283616}
  - {x: 0.743075, y: 0.9999965, z: -0.57283616}
  - {x: 0.7430629, y: 1.6496149, z: -0.57283616}
  - {x: 0.82864827, y: 1.6496149, z: -0.57283616}
  - {x: 0.82864827, y: 1.5568748, z: -0.57283616}
  - {x: 0.82866067, y: 0.9999965, z: -0.45635104}
  - {x: 0.82866067, y: 0.9999965, z: -0.57283616}
  - {x: 0.82864827, y: 1.5568748, z: -0.57283616}
  - {x: 0.82864827, y: 1.5568748, z: -0.45635107}
  - {x: 1.0901217, y: 1.5568748, z: -0.57283616}
  - {x: 1.0901217, y: 1.6496149, z: -0.57283616}
  - {x: 1.0901217, y: 1.6496149, z: -0.45635107}
  - {x: 1.0901217, y: 1.5568748, z: -0.45635107}
  - {x: 0.743075, y: 0.9999965, z: -0.45635104}
  - {x: 0.82866067, y: 0.9999965, z: -0.45635104}
  - {x: 0.82864827, y: 1.5568748, z: -0.45635107}
  - {x: 0.82864827, y: 1.6496149, z: -0.45635107}
  - {x: 0.7430629, y: 1.6496149, z: -0.45635107}
  - {x: 0.82864827, y: 1.5568748, z: -0.45635107}
  - {x: 0.82864827, y: 1.5568748, z: -0.57283616}
  - {x: 1.0901217, y: 1.5568748, z: -0.45635107}
  - {x: 1.0901217, y: 1.5568748, z: -0.57283616}
  - {x: 0.82864827, y: 1.5568748, z: -0.57283616}
  - {x: 0.82864827, y: 1.6496149, z: -0.57283616}
  - {x: 1.0901217, y: 1.5568748, z: -0.57283616}
  - {x: 1.0901217, y: 1.6496149, z: -0.57283616}
  - {x: 0.82864827, y: 1.6496149, z: -0.45635107}
  - {x: 0.82864827, y: 1.5568748, z: -0.45635107}
  - {x: 1.0901217, y: 1.6496149, z: -0.45635107}
  - {x: 1.0901217, y: 1.5568748, z: -0.45635107}
  - {x: 0.82864827, y: 1.6496149, z: -0.57283616}
  - {x: 0.82864827, y: 1.6496149, z: -0.45635107}
  - {x: 1.0901217, y: 1.6496149, z: -0.57283616}
  - {x: 1.0901217, y: 1.6496149, z: -0.45635107}
  m_Textures0:
  - {x: -0.45635104, y: 0.8999827}
  - {x: -0.5728364, y: 0.8999829}
  - {x: -0.45635104, y: 0.9999964}
  - {x: -0.5728364, y: 1.0000002}
  - {x: 0.57283616, y: 0.89998275}
  - {x: 0.45635104, y: 0.89998275}
  - {x: 0.57283616, y: 0.9999965}
  - {x: 0.45635104, y: 0.9999965}
  - {x: -0.74307567, y: -0.57283616}
  - {x: -1.0000006, y: -0.5728364}
  - {x: -0.74307567, y: -0.45635104}
  - {x: -1.0000006, y: -0.45635104}
  - {x: -0.743075, y: 0.89998275}
  - {x: -1, y: 0.8999827}
  - {x: -1, y: 0.9999964}
  - {x: -0.82866067, y: 0.9999965}
  - {x: -0.743075, y: 0.9999965}
  - {x: 1.0000006, y: 0.8999828}
  - {x: 0.74307555, y: 0.89998263}
  - {x: 0.74307555, y: 0.99999636}
  - {x: 0.8286612, y: 0.99999636}
  - {x: 1.0000006, y: 1.0000001}
  - {x: 0.7430629, y: -0.45635107}
  - {x: 0.82864827, y: -0.45635107}
  - {x: 0.82864827, y: -0.57283616}
  - {x: 0.7430629, y: -0.57283616}
  - {x: 0.8286826, y: -0.4563838}
  - {x: 1.0000219, y: -0.4563838}
  - {x: 1.0000219, y: -0.5728691}
  - {x: 0.8286826, y: -0.5728689}
  - {x: 0.57283616, y: 0.99998266}
  - {x: 0.45635104, y: 0.99998266}
  - {x: 0.57283616, y: 1.6496011}
  - {x: 0.45635107, y: 1.6496011}
  - {x: 0.82866067, y: 0.9999965}
  - {x: 0.743075, y: 0.9999965}
  - {x: 0.7430629, y: 1.6496149}
  - {x: 0.82864827, y: 1.6496149}
  - {x: 0.82864827, y: 1.5568748}
  - {x: -0.45635104, y: 0.999978}
  - {x: -0.57283616, y: 0.999978}
  - {x: -0.57283616, y: 1.5568563}
  - {x: -0.45635107, y: 1.5568563}
  - {x: -0.57283616, y: 1.5568748}
  - {x: -0.57283616, y: 1.6496149}
  - {x: -0.45635107, y: 1.6496149}
  - {x: -0.45635107, y: 1.5568748}
  - {x: -0.743075, y: 0.9999965}
  - {x: -0.82866067, y: 0.9999965}
  - {x: -0.82864827, y: 1.5568748}
  - {x: -0.82864827, y: 1.6496149}
  - {x: -0.7430629, y: 1.6496149}
  - {x: -0.82864827, y: -0.45635107}
  - {x: -0.82864827, y: -0.57283616}
  - {x: -1.0901217, y: -0.45635107}
  - {x: -1.0901217, y: -0.57283616}
  - {x: 0.82864827, y: 1.5568748}
  - {x: 0.82864827, y: 1.6496149}
  - {x: 1.0901217, y: 1.5568748}
  - {x: 1.0901217, y: 1.6496149}
  - {x: -0.82864827, y: 1.6496149}
  - {x: -0.82864827, y: 1.5568748}
  - {x: -1.0901217, y: 1.6496149}
  - {x: -1.0901217, y: 1.5568748}
  - {x: 0.82864827, y: -0.57283616}
  - {x: 0.82864827, y: -0.45635107}
  - {x: 1.0901217, y: -0.57283616}
  - {x: 1.0901217, y: -0.45635107}
  m_Textures2: []
  m_Textures3: []
  m_Tangents:
  - {x: 0, y: 0, z: 1, w: -1}
  - {x: 0, y: 0, z: 1, w: -1}
  - {x: 0, y: 0, z: 1, w: -1}
  - {x: 0, y: 0, z: 1, w: -1}
  - {x: 0, y: 0, z: -1, w: -1}
  - {x: 0, y: 0, z: -1, w: -1}
  - {x: 0, y: 0, z: -1, w: -1}
  - {x: 0, y: 0, z: -1, w: -1}
  - {x: -1, y: -0.00000069597723, z: 0, w: -1}
  - {x: -1, y: -0.00000023199242, z: 0, w: -1}
  - {x: -1, y: -0.00000023199242, z: 0, w: -1}
  - {x: -1, y: 0.0000002319924, z: 0, w: -1}
  - {x: -1, y: 0, z: 0, w: -1}
  - {x: -1, y: 0, z: 0, w: -1}
  - {x: -1, y: 0, z: 0, w: -1}
  - {x: -1, y: 0, z: 0, w: -1}
  - {x: -1, y: 0, z: 0, w: -1}
  - {x: 1, y: 0, z: -0.0000011597348, w: -1}
  - {x: 1, y: 3.3854535e-20, z: -0.0000004639851, w: -1}
  - {x: 1, y: 0, z: 0, w: -1}
  - {x: 1, y: 2.0061949e-20, z: -0.0000007731565, w: -1}
  - {x: 1, y: 0, z: -0.0000013914994, w: -1}
  - {x: 1, y: 0, z: 0, w: -1}
  - {x: 1, y: 0, z: 0, w: -1}
  - {x: 1, y: 0, z: 0, w: -1}
  - {x: 1, y: 0, z: 0, w: -1}
  - {x: 1, y: -0.00000034787485, z: 0, w: -1}
  - {x: 1, y: 0.000010784097, z: 1.7798999e-13, w: -1}
  - {x: 1, y: 0.000021916068, z: 3.559502e-13, w: -1}
  - {x: 1, y: 0.000010784097, z: 1.7798999e-13, w: -1}
  - {x: 0, y: 0, z: -1, w: -1}
  - {x: 0, y: 0, z: -1, w: -1}
  - {x: 0, y: 0, z: -1, w: -1}
  - {x: 0, y: 0, z: -1, w: -1}
  - {x: 1, y: 0, z: 0, w: -1}
  - {x: 1, y: 0, z: 0, w: -1}
  - {x: 1, y: 0, z: 0, w: -1}
  - {x: 1, y: 0, z: 0, w: -1}
  - {x: 1, y: 0, z: 0, w: -1}
  - {x: 0, y: 0, z: 1, w: -1}
  - {x: 0, y: 0, z: 1, w: -1}
  - {x: 0, y: 0, z: 1, w: -1}
  - {x: 0, y: 0, z: 1, w: -1}
  - {x: 0, y: 0, z: 1, w: -1}
  - {x: 0, y: 0, z: 1, w: -1}
  - {x: 0, y: 0, z: 1, w: -1}
  - {x: 0, y: 0, z: 1, w: -1}
  - {x: -1, y: 0, z: 0.000000024856442, w: -1}
  - {x: -1, y: 0, z: 0, w: -1}
  - {x: -1, y: 0, z: 0.000000016570961, w: -1}
  - {x: -1, y: 0, z: 0, w: -1}
  - {x: -1, y: 0, z: 0.000000024856442, w: -1}
  - {x: -1, y: 0, z: 0, w: -1}
  - {x: -1, y: 0, z: 0, w: -1}
  - {x: -1, y: 0, z: 0, w: -1}
  - {x: -1, y: 0, z: 0, w: -1}
  - {x: 1, y: 0, z: 0, w: -1}
  - {x: 1, y: 0, z: 0, w: -1}
  - {x: 1, y: 0, z: 0, w: -1}
  - {x: 1, y: 0, z: 0, w: -1}
  - {x: -1, y: 0, z: 0, w: -1}
  - {x: -1, y: 0, z: 0, w: -1}
  - {x: -1, y: 0, z: 0, w: -1}
  - {x: -1, y: 0, z: 0, w: -1}
  - {x: 1, y: 0, z: 0, w: -1}
  - {x: 1, y: 0, z: 0, w: -1}
  - {x: 1, y: 0, z: 0, w: -1}
  - {x: 1, y: 0, z: 0, w: -1}
  m_Colors: []
  m_UnwrapParameters:
    m_HardAngle: 88
    m_PackMargin: 20
    m_AngleError: 8
    m_AreaError: 15
  m_PreserveMeshAssetOnDestroy: 0
  assetGuid: 
  m_IsSelectable: 1
  m_SelectedFaces: 0c0000000a0000000e0000000f000000050000000d000000
  m_SelectedEdges:
  - a: 52
    b: 53
  - a: 54
    b: 52
  - a: 53
    b: 55
  - a: 55
    b: 54
  - a: 46
    b: 43
  - a: 43
    b: 44
  - a: 45
    b: 46
  - a: 44
    b: 45
  - a: 60
    b: 61
  - a: 62
    b: 60
  - a: 61
    b: 63
  - a: 63
    b: 62
  - a: 64
    b: 65
  - a: 66
    b: 64
  - a: 65
    b: 67
  - a: 67
    b: 66
  - a: 24
    b: 25
  - a: 23
    b: 24
  - a: 25
    b: 22
  - a: 22
    b: 23
  - a: 56
    b: 57
  - a: 58
    b: 56
  - a: 57
    b: 59
  - a: 59
    b: 58
  m_SelectedVertices: 340000003500000036000000370000002e0000002b0000002c0000002d0000003c0000003d0000003e0000003f000000400000004100000042000000430000001800000019000000170000001600000038000000390000003a0000003b000000
--- !u!64 &6911285159798709925
MeshCollider:
  m_ObjectHideFlags: 0
  m_CorrespondingSourceObject: {fileID: 0}
  m_PrefabInstance: {fileID: 0}
  m_PrefabAsset: {fileID: 0}
  m_GameObject: {fileID: 6911285159798709924}
  m_Material: {fileID: 0}
  m_IsTrigger: 0
  m_Enabled: 1
  serializedVersion: 3
  m_Convex: 0
  m_CookingOptions: 14
  m_Mesh: {fileID: 0}
--- !u!1 &6911285160735608825
GameObject:
  m_ObjectHideFlags: 0
  m_CorrespondingSourceObject: {fileID: 0}
  m_PrefabInstance: {fileID: 0}
  m_PrefabAsset: {fileID: 0}
  serializedVersion: 6
  m_Component:
  - component: {fileID: 6911285160735608802}
  - component: {fileID: 6911285160735608829}
  - component: {fileID: 6911285160735608828}
  - component: {fileID: 6911285160735608831}
  - component: {fileID: 6911285160735608830}
  m_Layer: 0
  m_Name: Plate
  m_TagString: Untagged
  m_Icon: {fileID: 0}
  m_NavMeshLayer: 0
  m_StaticEditorFlags: 0
  m_IsActive: 1
--- !u!4 &6911285160735608802
Transform:
  m_ObjectHideFlags: 0
  m_CorrespondingSourceObject: {fileID: 0}
  m_PrefabInstance: {fileID: 0}
  m_PrefabAsset: {fileID: 0}
  m_GameObject: {fileID: 6911285160735608825}
  m_LocalRotation: {x: -0, y: -0, z: -0, w: 1}
  m_LocalPosition: {x: -0.5404701, y: -0.59205246, z: 0.7384882}
  m_LocalScale: {x: 1, y: 1, z: 1}
  m_Children: []
  m_Father: {fileID: 1700906719882085686}
  m_RootOrder: 0
  m_LocalEulerAnglesHint: {x: 0, y: 0, z: 0}
--- !u!33 &6911285160735608829
MeshFilter:
  m_ObjectHideFlags: 0
  m_CorrespondingSourceObject: {fileID: 0}
  m_PrefabInstance: {fileID: 0}
  m_PrefabAsset: {fileID: 0}
  m_GameObject: {fileID: 6911285160735608825}
  m_Mesh: {fileID: 0}
--- !u!23 &6911285160735608828
MeshRenderer:
  m_ObjectHideFlags: 0
  m_CorrespondingSourceObject: {fileID: 0}
  m_PrefabInstance: {fileID: 0}
  m_PrefabAsset: {fileID: 0}
  m_GameObject: {fileID: 6911285160735608825}
  m_Enabled: 1
  m_CastShadows: 1
  m_ReceiveShadows: 1
  m_DynamicOccludee: 1
  m_MotionVectors: 1
  m_LightProbeUsage: 1
  m_ReflectionProbeUsage: 1
  m_RenderingLayerMask: 1
  m_RendererPriority: 0
  m_Materials:
  - {fileID: 2100000, guid: c22777d6e868e4f2fb421913386b154e, type: 2}
  m_StaticBatchInfo:
    firstSubMesh: 0
    subMeshCount: 0
  m_StaticBatchRoot: {fileID: 0}
  m_ProbeAnchor: {fileID: 0}
  m_LightProbeVolumeOverride: {fileID: 0}
  m_ScaleInLightmap: 1
  m_PreserveUVs: 0
  m_IgnoreNormalsForChartDetection: 0
  m_ImportantGI: 0
  m_StitchLightmapSeams: 1
  m_SelectedEditorRenderState: 2
  m_MinimumChartSize: 4
  m_AutoUVMaxDistance: 0.5
  m_AutoUVMaxAngle: 89
  m_LightmapParameters: {fileID: 0}
  m_SortingLayerID: 0
  m_SortingLayer: 0
  m_SortingOrder: 0
--- !u!114 &6911285160735608831
MonoBehaviour:
  m_ObjectHideFlags: 0
  m_CorrespondingSourceObject: {fileID: 0}
  m_PrefabInstance: {fileID: 0}
  m_PrefabAsset: {fileID: 0}
  m_GameObject: {fileID: 6911285160735608825}
  m_Enabled: 1
  m_EditorHideFlags: 0
  m_Script: {fileID: 11500000, guid: 8233d90336aea43098adf6dbabd606a2, type: 3}
  m_Name: 
  m_EditorClassIdentifier: 
  m_MeshFormatVersion: 1
  m_Faces:
  - m_Indexes: 000000000100000002000000010000000300000002000000
    m_SmoothingGroup: 0
    m_Uv:
      m_UseWorldSpace: 0
      m_FlipU: 0
      m_FlipV: 0
      m_SwapUV: 0
      m_Fill: 1
      m_Scale: {x: 1, y: 1}
      m_Offset: {x: 0, y: 0}
      m_Rotation: 0
      m_Anchor: 9
    m_Material: {fileID: 0}
    m_SubmeshIndex: 0
    m_ManualUV: 0
    elementGroup: -1
    m_TextureGroup: -1
  - m_Indexes: 040000000500000006000000050000000700000006000000
    m_SmoothingGroup: 0
    m_Uv:
      m_UseWorldSpace: 0
      m_FlipU: 0
      m_FlipV: 0
      m_SwapUV: 0
      m_Fill: 1
      m_Scale: {x: 1, y: 1}
      m_Offset: {x: 0, y: 0}
      m_Rotation: 0
      m_Anchor: 9
    m_Material: {fileID: 0}
    m_SubmeshIndex: 0
    m_ManualUV: 0
    elementGroup: -1
    m_TextureGroup: -1
  - m_Indexes: 08000000090000000a000000090000000b0000000a000000
    m_SmoothingGroup: 0
    m_Uv:
      m_UseWorldSpace: 0
      m_FlipU: 0
      m_FlipV: 0
      m_SwapUV: 0
      m_Fill: 1
      m_Scale: {x: 1, y: 1}
      m_Offset: {x: 0, y: 0}
      m_Rotation: 0
      m_Anchor: 9
    m_Material: {fileID: 0}
    m_SubmeshIndex: 0
    m_ManualUV: 0
    elementGroup: -1
    m_TextureGroup: -1
  - m_Indexes: 0c0000000d0000000e0000000d0000000f0000000e000000
    m_SmoothingGroup: 0
    m_Uv:
      m_UseWorldSpace: 0
      m_FlipU: 0
      m_FlipV: 0
      m_SwapUV: 0
      m_Fill: 1
      m_Scale: {x: 1, y: 1}
      m_Offset: {x: 0, y: 0}
      m_Rotation: 0
      m_Anchor: 9
    m_Material: {fileID: 0}
    m_SubmeshIndex: 0
    m_ManualUV: 0
    elementGroup: -1
    m_TextureGroup: -1
  - m_Indexes: 100000001100000012000000110000001300000012000000
    m_SmoothingGroup: 0
    m_Uv:
      m_UseWorldSpace: 0
      m_FlipU: 0
      m_FlipV: 0
      m_SwapUV: 0
      m_Fill: 1
      m_Scale: {x: 1, y: 1}
      m_Offset: {x: 0, y: 0}
      m_Rotation: 0
      m_Anchor: 9
    m_Material: {fileID: 0}
    m_SubmeshIndex: 0
    m_ManualUV: 0
    elementGroup: -1
    m_TextureGroup: -1
  - m_Indexes: 140000001500000016000000150000001700000016000000
    m_SmoothingGroup: 0
    m_Uv:
      m_UseWorldSpace: 0
      m_FlipU: 0
      m_FlipV: 0
      m_SwapUV: 0
      m_Fill: 1
      m_Scale: {x: 1, y: 1}
      m_Offset: {x: 0, y: 0}
      m_Rotation: 0
      m_Anchor: 9
    m_Material: {fileID: 0}
    m_SubmeshIndex: 0
    m_ManualUV: 0
    elementGroup: -1
    m_TextureGroup: -1
  m_SharedVertices:
  - m_Vertices: 000000000d00000016000000
  - m_Vertices: 010000000400000017000000
  - m_Vertices: 020000000f00000010000000
  - m_Vertices: 030000000600000011000000
  - m_Vertices: 050000000800000015000000
  - m_Vertices: 070000000a00000013000000
  - m_Vertices: 090000000c00000014000000
  - m_Vertices: 0b0000000e00000012000000
  m_SharedTextures: []
  m_Positions:
  - {x: 0.25354767, y: 0.8999829, z: -0.15281343}
  - {x: 0.79907227, y: 0.8999829, z: -0.15281343}
  - {x: 0.25354767, y: 1.0000005, z: -0.15281343}
  - {x: 0.79907227, y: 1.0000005, z: -0.15281343}
  - {x: 0.79907227, y: 0.8999829, z: -0.15281343}
  - {x: 0.79907227, y: 0.8999829, z: -0.6522875}
  - {x: 0.79907227, y: 1.0000005, z: -0.15281343}
  - {x: 0.79907227, y: 1.0000005, z: -0.6522875}
  - {x: 0.79907227, y: 0.8999829, z: -0.6522875}
  - {x: 0.25354767, y: 0.8999829, z: -0.6522875}
  - {x: 0.79907227, y: 1.0000005, z: -0.6522875}
  - {x: 0.25354767, y: 1.0000005, z: -0.6522875}
  - {x: 0.25354767, y: 0.8999829, z: -0.6522875}
  - {x: 0.25354767, y: 0.8999829, z: -0.15281343}
  - {x: 0.25354767, y: 1.0000005, z: -0.6522875}
  - {x: 0.25354767, y: 1.0000005, z: -0.15281343}
  - {x: 0.25354767, y: 1.0000005, z: -0.15281343}
  - {x: 0.79907227, y: 1.0000005, z: -0.15281343}
  - {x: 0.25354767, y: 1.0000005, z: -0.6522875}
  - {x: 0.79907227, y: 1.0000005, z: -0.6522875}
  - {x: 0.25354767, y: 0.8999829, z: -0.6522875}
  - {x: 0.79907227, y: 0.8999829, z: -0.6522875}
  - {x: 0.25354767, y: 0.8999829, z: -0.15281343}
  - {x: 0.79907227, y: 0.8999829, z: -0.15281343}
  m_Textures0:
  - {x: -0.25354767, y: 0.8999829}
  - {x: -0.79907227, y: 0.8999829}
  - {x: -0.25354767, y: 1.0000005}
  - {x: -0.79907227, y: 1.0000005}
  - {x: -0.15281343, y: 0.8999829}
  - {x: -0.6522875, y: 0.8999829}
  - {x: -0.15281343, y: 1.0000005}
  - {x: -0.6522875, y: 1.0000005}
  - {x: 0.79907227, y: 0.8999829}
  - {x: 0.25354767, y: 0.8999829}
  - {x: 0.79907227, y: 1.0000005}
  - {x: 0.25354767, y: 1.0000005}
  - {x: 0.6522875, y: 0.8999829}
  - {x: 0.15281343, y: 0.8999829}
  - {x: 0.6522875, y: 1.0000005}
  - {x: 0.15281343, y: 1.0000005}
  - {x: 0.25354767, y: -0.15281343}
  - {x: 0.79907227, y: -0.15281343}
  - {x: 0.25354767, y: -0.6522875}
  - {x: 0.79907227, y: -0.6522875}
  - {x: -0.25354767, y: -0.6522875}
  - {x: -0.79907227, y: -0.6522875}
  - {x: -0.25354767, y: -0.15281343}
  - {x: -0.79907227, y: -0.15281343}
  m_Textures2: []
  m_Textures3: []
  m_Tangents:
  - {x: -1, y: 0, z: 0, w: -1}
  - {x: -1, y: 0, z: 0, w: -1}
  - {x: -1, y: 0, z: 0, w: -1}
  - {x: -1, y: 0, z: 0, w: -1}
  - {x: 0, y: 0, z: 1, w: -1}
  - {x: 0, y: 0, z: 1, w: -1}
  - {x: 0, y: 0, z: 1, w: -1}
  - {x: 0, y: 0, z: 1, w: -1}
  - {x: 1, y: 0, z: 0, w: -1}
  - {x: 1, y: 0, z: 0, w: -1}
  - {x: 1, y: 0, z: 0, w: -1}
  - {x: 1, y: 0, z: 0, w: -1}
  - {x: 0, y: 0, z: -1, w: -1}
  - {x: 0, y: 0, z: -1, w: -1}
  - {x: 0, y: 0, z: -1, w: -1}
  - {x: 0, y: 0, z: -1, w: -1}
  - {x: 1, y: 0, z: 0, w: -1}
  - {x: 1, y: 0, z: 0, w: -1}
  - {x: 1, y: 0, z: 0, w: -1}
  - {x: 1, y: 0, z: 0, w: -1}
  - {x: -1, y: 0, z: 0, w: -1}
  - {x: -1, y: 0, z: 0, w: -1}
  - {x: -1, y: 0, z: 0, w: -1}
  - {x: -1, y: 0, z: 0, w: -1}
  m_Colors: []
  m_UnwrapParameters:
    m_HardAngle: 88
    m_PackMargin: 20
    m_AngleError: 8
    m_AreaError: 15
  m_PreserveMeshAssetOnDestroy: 0
  assetGuid: 
  m_IsSelectable: 1
  m_SelectedFaces: 
  m_SelectedEdges: []
  m_SelectedVertices: 
--- !u!64 &6911285160735608830
MeshCollider:
  m_ObjectHideFlags: 0
  m_CorrespondingSourceObject: {fileID: 0}
  m_PrefabInstance: {fileID: 0}
  m_PrefabAsset: {fileID: 0}
  m_GameObject: {fileID: 6911285160735608825}
  m_Material: {fileID: 0}
  m_IsTrigger: 0
  m_Enabled: 1
  serializedVersion: 3
  m_Convex: 0
  m_CookingOptions: 14
  m_Mesh: {fileID: 0}
