%YAML 1.1
%TAG !u! tag:unity3d.com,2011:
--- !u!1 &2725519348009176459
GameObject:
  m_ObjectHideFlags: 0
  m_CorrespondingSourceObject: {fileID: 0}
  m_PrefabInstance: {fileID: 0}
  m_PrefabAsset: {fileID: 0}
  serializedVersion: 6
  m_Component:
  - component: {fileID: 2725519348009176448}
  - component: {fileID: 2725519348009176455}
  - component: {fileID: 2725519348009176454}
  - component: {fileID: 2725519348009176453}
  - component: {fileID: 2725519348009176452}
  m_Layer: 0
  m_Name: Cylinder (5)
  m_TagString: Untagged
  m_Icon: {fileID: 0}
  m_NavMeshLayer: 0
  m_StaticEditorFlags: 0
  m_IsActive: 1
--- !u!4 &2725519348009176448
Transform:
  m_ObjectHideFlags: 0
  m_CorrespondingSourceObject: {fileID: 0}
  m_PrefabInstance: {fileID: 0}
  m_PrefabAsset: {fileID: 0}
  m_GameObject: {fileID: 2725519348009176459}
  m_LocalRotation: {x: -0, y: -0, z: -0, w: 1}
  m_LocalPosition: {x: -2.8412628, y: 2.7388072, z: -0.05981779}
  m_LocalScale: {x: 1, y: 1, z: 1}
  m_Children: []
  m_Father: {fileID: 8520330034808854458}
  m_RootOrder: 2
  m_LocalEulerAnglesHint: {x: 0, y: 0, z: 0}
--- !u!33 &2725519348009176455
MeshFilter:
  m_ObjectHideFlags: 0
  m_CorrespondingSourceObject: {fileID: 0}
  m_PrefabInstance: {fileID: 0}
  m_PrefabAsset: {fileID: 0}
  m_GameObject: {fileID: 2725519348009176459}
  m_Mesh: {fileID: 0}
--- !u!23 &2725519348009176454
MeshRenderer:
  m_ObjectHideFlags: 0
  m_CorrespondingSourceObject: {fileID: 0}
  m_PrefabInstance: {fileID: 0}
  m_PrefabAsset: {fileID: 0}
  m_GameObject: {fileID: 2725519348009176459}
  m_Enabled: 1
  m_CastShadows: 1
  m_ReceiveShadows: 1
  m_DynamicOccludee: 1
  m_MotionVectors: 1
  m_LightProbeUsage: 1
  m_ReflectionProbeUsage: 1
  m_RenderingLayerMask: 1
  m_RendererPriority: 0
  m_Materials:
  - {fileID: 2100000, guid: c22777d6e868e4f2fb421913386b154e, type: 2}
  m_StaticBatchInfo:
    firstSubMesh: 0
    subMeshCount: 0
  m_StaticBatchRoot: {fileID: 0}
  m_ProbeAnchor: {fileID: 0}
  m_LightProbeVolumeOverride: {fileID: 0}
  m_ScaleInLightmap: 1
  m_PreserveUVs: 0
  m_IgnoreNormalsForChartDetection: 0
  m_ImportantGI: 0
  m_StitchLightmapSeams: 1
  m_SelectedEditorRenderState: 2
  m_MinimumChartSize: 4
  m_AutoUVMaxDistance: 0.5
  m_AutoUVMaxAngle: 89
  m_LightmapParameters: {fileID: 0}
  m_SortingLayerID: 0
  m_SortingLayer: 0
  m_SortingOrder: 0
--- !u!114 &2725519348009176453
MonoBehaviour:
  m_ObjectHideFlags: 0
  m_CorrespondingSourceObject: {fileID: 0}
  m_PrefabInstance: {fileID: 0}
  m_PrefabAsset: {fileID: 0}
  m_GameObject: {fileID: 2725519348009176459}
  m_Enabled: 1
  m_EditorHideFlags: 0
  m_Script: {fileID: 11500000, guid: 8233d90336aea43098adf6dbabd606a2, type: 3}
  m_Name: 
  m_EditorClassIdentifier: 
  m_MeshFormatVersion: 1
  m_Faces:
  - m_Indexes: 000000000100000002000000010000000300000002000000
    m_SmoothingGroup: 1
    m_Uv:
      m_UseWorldSpace: 0
      m_FlipU: 0
      m_FlipV: 0
      m_SwapUV: 0
      m_Fill: 1
      m_Scale: {x: 1, y: 1}
      m_Offset: {x: 0, y: 0}
      m_Rotation: 0
      m_Anchor: 9
    m_Material: {fileID: 0}
    m_SubmeshIndex: 0
    m_ManualUV: 0
    elementGroup: -1
    m_TextureGroup: -1
  - m_Indexes: 040000000500000006000000050000000700000006000000
    m_SmoothingGroup: 1
    m_Uv:
      m_UseWorldSpace: 0
      m_FlipU: 0
      m_FlipV: 0
      m_SwapUV: 0
      m_Fill: 1
      m_Scale: {x: 1, y: 1}
      m_Offset: {x: 0, y: 0}
      m_Rotation: 0
      m_Anchor: 9
    m_Material: {fileID: 0}
    m_SubmeshIndex: 0
    m_ManualUV: 0
    elementGroup: -1
    m_TextureGroup: -1
  - m_Indexes: 08000000090000000a000000090000000b0000000a000000
    m_SmoothingGroup: 1
    m_Uv:
      m_UseWorldSpace: 0
      m_FlipU: 0
      m_FlipV: 0
      m_SwapUV: 0
      m_Fill: 1
      m_Scale: {x: 1, y: 1}
      m_Offset: {x: 0, y: 0}
      m_Rotation: 0
      m_Anchor: 9
    m_Material: {fileID: 0}
    m_SubmeshIndex: 0
    m_ManualUV: 0
    elementGroup: -1
    m_TextureGroup: -1
  - m_Indexes: 0c0000000d0000000e0000000d0000000f0000000e000000
    m_SmoothingGroup: 1
    m_Uv:
      m_UseWorldSpace: 0
      m_FlipU: 0
      m_FlipV: 0
      m_SwapUV: 0
      m_Fill: 1
      m_Scale: {x: 1, y: 1}
      m_Offset: {x: 0, y: 0}
      m_Rotation: 0
      m_Anchor: 9
    m_Material: {fileID: 0}
    m_SubmeshIndex: 0
    m_ManualUV: 0
    elementGroup: -1
    m_TextureGroup: -1
  - m_Indexes: 100000001100000012000000110000001300000012000000
    m_SmoothingGroup: 1
    m_Uv:
      m_UseWorldSpace: 0
      m_FlipU: 0
      m_FlipV: 0
      m_SwapUV: 0
      m_Fill: 1
      m_Scale: {x: 1, y: 1}
      m_Offset: {x: 0, y: 0}
      m_Rotation: 0
      m_Anchor: 9
    m_Material: {fileID: 0}
    m_SubmeshIndex: 0
    m_ManualUV: 0
    elementGroup: -1
    m_TextureGroup: -1
  - m_Indexes: 140000001500000016000000150000001700000016000000
    m_SmoothingGroup: 1
    m_Uv:
      m_UseWorldSpace: 0
      m_FlipU: 0
      m_FlipV: 0
      m_SwapUV: 0
      m_Fill: 1
      m_Scale: {x: 1, y: 1}
      m_Offset: {x: 0, y: 0}
      m_Rotation: 0
      m_Anchor: 9
    m_Material: {fileID: 0}
    m_SubmeshIndex: 0
    m_ManualUV: 0
    elementGroup: -1
    m_TextureGroup: -1
  - m_Indexes: 18000000190000001a000000190000001b0000001a000000
    m_SmoothingGroup: 1
    m_Uv:
      m_UseWorldSpace: 0
      m_FlipU: 0
      m_FlipV: 0
      m_SwapUV: 0
      m_Fill: 1
      m_Scale: {x: 1, y: 1}
      m_Offset: {x: 0, y: 0}
      m_Rotation: 0
      m_Anchor: 9
    m_Material: {fileID: 0}
    m_SubmeshIndex: 0
    m_ManualUV: 0
    elementGroup: -1
    m_TextureGroup: -1
  - m_Indexes: 1c0000001d0000001e0000001d0000001f0000001e000000
    m_SmoothingGroup: 1
    m_Uv:
      m_UseWorldSpace: 0
      m_FlipU: 0
      m_FlipV: 0
      m_SwapUV: 0
      m_Fill: 1
      m_Scale: {x: 1, y: 1}
      m_Offset: {x: 0, y: 0}
      m_Rotation: 0
      m_Anchor: 9
    m_Material: {fileID: 0}
    m_SubmeshIndex: 0
    m_ManualUV: 0
    elementGroup: -1
    m_TextureGroup: -1
  - m_Indexes: 200000002100000022000000210000002300000022000000
    m_SmoothingGroup: 1
    m_Uv:
      m_UseWorldSpace: 0
      m_FlipU: 0
      m_FlipV: 0
      m_SwapUV: 0
      m_Fill: 1
      m_Scale: {x: 1, y: 1}
      m_Offset: {x: 0, y: 0}
      m_Rotation: 0
      m_Anchor: 9
    m_Material: {fileID: 0}
    m_SubmeshIndex: 0
    m_ManualUV: 0
    elementGroup: -1
    m_TextureGroup: -1
  - m_Indexes: 240000002500000026000000250000002700000026000000
    m_SmoothingGroup: 1
    m_Uv:
      m_UseWorldSpace: 0
      m_FlipU: 0
      m_FlipV: 0
      m_SwapUV: 0
      m_Fill: 1
      m_Scale: {x: 1, y: 1}
      m_Offset: {x: 0, y: 0}
      m_Rotation: 0
      m_Anchor: 9
    m_Material: {fileID: 0}
    m_SubmeshIndex: 0
    m_ManualUV: 0
    elementGroup: -1
    m_TextureGroup: -1
  - m_Indexes: 2a0000002900000028000000
    m_SmoothingGroup: 0
    m_Uv:
      m_UseWorldSpace: 0
      m_FlipU: 0
      m_FlipV: 0
      m_SwapUV: 0
      m_Fill: 1
      m_Scale: {x: 1, y: 1}
      m_Offset: {x: 0, y: 0}
      m_Rotation: 0
      m_Anchor: 9
    m_Material: {fileID: 2100000, guid: c22777d6e868e4f2fb421913386b154e, type: 2}
    m_SubmeshIndex: 0
    m_ManualUV: 0
    elementGroup: 0
    m_TextureGroup: -1
  - m_Indexes: 300000002f0000002e000000
    m_SmoothingGroup: 0
    m_Uv:
      m_UseWorldSpace: 0
      m_FlipU: 0
      m_FlipV: 0
      m_SwapUV: 0
      m_Fill: 1
      m_Scale: {x: 1, y: 1}
      m_Offset: {x: 0, y: 0}
      m_Rotation: 0
      m_Anchor: 9
    m_Material: {fileID: 2100000, guid: c22777d6e868e4f2fb421913386b154e, type: 2}
    m_SubmeshIndex: 0
    m_ManualUV: 0
    elementGroup: 0
    m_TextureGroup: -1
  - m_Indexes: 360000003500000034000000
    m_SmoothingGroup: 0
    m_Uv:
      m_UseWorldSpace: 0
      m_FlipU: 0
      m_FlipV: 0
      m_SwapUV: 0
      m_Fill: 1
      m_Scale: {x: 1, y: 1}
      m_Offset: {x: 0, y: 0}
      m_Rotation: 0
      m_Anchor: 9
    m_Material: {fileID: 2100000, guid: c22777d6e868e4f2fb421913386b154e, type: 2}
    m_SubmeshIndex: 0
    m_ManualUV: 0
    elementGroup: 0
    m_TextureGroup: -1
  - m_Indexes: 3c0000003b0000003a000000
    m_SmoothingGroup: 0
    m_Uv:
      m_UseWorldSpace: 0
      m_FlipU: 0
      m_FlipV: 0
      m_SwapUV: 0
      m_Fill: 1
      m_Scale: {x: 1, y: 1}
      m_Offset: {x: 0, y: 0}
      m_Rotation: 0
      m_Anchor: 9
    m_Material: {fileID: 2100000, guid: c22777d6e868e4f2fb421913386b154e, type: 2}
    m_SubmeshIndex: 0
    m_ManualUV: 0
    elementGroup: 0
    m_TextureGroup: -1
  - m_Indexes: 420000004100000040000000
    m_SmoothingGroup: 0
    m_Uv:
      m_UseWorldSpace: 0
      m_FlipU: 0
      m_FlipV: 0
      m_SwapUV: 0
      m_Fill: 1
      m_Scale: {x: 1, y: 1}
      m_Offset: {x: 0, y: 0}
      m_Rotation: 0
      m_Anchor: 9
    m_Material: {fileID: 2100000, guid: c22777d6e868e4f2fb421913386b154e, type: 2}
    m_SubmeshIndex: 0
    m_ManualUV: 0
    elementGroup: 0
    m_TextureGroup: -1
  - m_Indexes: 480000004700000046000000
    m_SmoothingGroup: 0
    m_Uv:
      m_UseWorldSpace: 0
      m_FlipU: 0
      m_FlipV: 0
      m_SwapUV: 0
      m_Fill: 1
      m_Scale: {x: 1, y: 1}
      m_Offset: {x: 0, y: 0}
      m_Rotation: 0
      m_Anchor: 9
    m_Material: {fileID: 2100000, guid: c22777d6e868e4f2fb421913386b154e, type: 2}
    m_SubmeshIndex: 0
    m_ManualUV: 0
    elementGroup: 0
    m_TextureGroup: -1
  - m_Indexes: 4e0000004d0000004c000000
    m_SmoothingGroup: 0
    m_Uv:
      m_UseWorldSpace: 0
      m_FlipU: 0
      m_FlipV: 0
      m_SwapUV: 0
      m_Fill: 1
      m_Scale: {x: 1, y: 1}
      m_Offset: {x: 0, y: 0}
      m_Rotation: 0
      m_Anchor: 9
    m_Material: {fileID: 2100000, guid: c22777d6e868e4f2fb421913386b154e, type: 2}
    m_SubmeshIndex: 0
    m_ManualUV: 0
    elementGroup: 0
    m_TextureGroup: -1
  - m_Indexes: 540000005300000052000000
    m_SmoothingGroup: 0
    m_Uv:
      m_UseWorldSpace: 0
      m_FlipU: 0
      m_FlipV: 0
      m_SwapUV: 0
      m_Fill: 1
      m_Scale: {x: 1, y: 1}
      m_Offset: {x: 0, y: 0}
      m_Rotation: 0
      m_Anchor: 9
    m_Material: {fileID: 2100000, guid: c22777d6e868e4f2fb421913386b154e, type: 2}
    m_SubmeshIndex: 0
    m_ManualUV: 0
    elementGroup: 0
    m_TextureGroup: -1
  - m_Indexes: 5a0000005900000058000000
    m_SmoothingGroup: 0
    m_Uv:
      m_UseWorldSpace: 0
      m_FlipU: 0
      m_FlipV: 0
      m_SwapUV: 0
      m_Fill: 1
      m_Scale: {x: 1, y: 1}
      m_Offset: {x: 0, y: 0}
      m_Rotation: 0
      m_Anchor: 9
    m_Material: {fileID: 2100000, guid: c22777d6e868e4f2fb421913386b154e, type: 2}
    m_SubmeshIndex: 0
    m_ManualUV: 0
    elementGroup: 0
    m_TextureGroup: -1
  - m_Indexes: 600000005f0000005e000000
    m_SmoothingGroup: 0
    m_Uv:
      m_UseWorldSpace: 0
      m_FlipU: 0
      m_FlipV: 0
      m_SwapUV: 0
      m_Fill: 1
      m_Scale: {x: 1, y: 1}
      m_Offset: {x: 0, y: 0}
      m_Rotation: 0
      m_Anchor: 9
    m_Material: {fileID: 2100000, guid: c22777d6e868e4f2fb421913386b154e, type: 2}
    m_SubmeshIndex: 0
    m_ManualUV: 0
    elementGroup: 0
    m_TextureGroup: -1
  - m_Indexes: 2b0000002c0000002d000000
    m_SmoothingGroup: 0
    m_Uv:
      m_UseWorldSpace: 0
      m_FlipU: 0
      m_FlipV: 0
      m_SwapUV: 0
      m_Fill: 1
      m_Scale: {x: 1, y: 1}
      m_Offset: {x: 0, y: 0}
      m_Rotation: 0
      m_Anchor: 9
    m_Material: {fileID: 2100000, guid: c22777d6e868e4f2fb421913386b154e, type: 2}
    m_SubmeshIndex: 0
    m_ManualUV: 0
    elementGroup: 0
    m_TextureGroup: -1
  - m_Indexes: 310000003200000033000000
    m_SmoothingGroup: 0
    m_Uv:
      m_UseWorldSpace: 0
      m_FlipU: 0
      m_FlipV: 0
      m_SwapUV: 0
      m_Fill: 1
      m_Scale: {x: 1, y: 1}
      m_Offset: {x: 0, y: 0}
      m_Rotation: 0
      m_Anchor: 9
    m_Material: {fileID: 2100000, guid: c22777d6e868e4f2fb421913386b154e, type: 2}
    m_SubmeshIndex: 0
    m_ManualUV: 0
    elementGroup: 0
    m_TextureGroup: -1
  - m_Indexes: 370000003800000039000000
    m_SmoothingGroup: 0
    m_Uv:
      m_UseWorldSpace: 0
      m_FlipU: 0
      m_FlipV: 0
      m_SwapUV: 0
      m_Fill: 1
      m_Scale: {x: 1, y: 1}
      m_Offset: {x: 0, y: 0}
      m_Rotation: 0
      m_Anchor: 9
    m_Material: {fileID: 2100000, guid: c22777d6e868e4f2fb421913386b154e, type: 2}
    m_SubmeshIndex: 0
    m_ManualUV: 0
    elementGroup: 0
    m_TextureGroup: -1
  - m_Indexes: 3d0000003e0000003f000000
    m_SmoothingGroup: 0
    m_Uv:
      m_UseWorldSpace: 0
      m_FlipU: 0
      m_FlipV: 0
      m_SwapUV: 0
      m_Fill: 1
      m_Scale: {x: 1, y: 1}
      m_Offset: {x: 0, y: 0}
      m_Rotation: 0
      m_Anchor: 9
    m_Material: {fileID: 2100000, guid: c22777d6e868e4f2fb421913386b154e, type: 2}
    m_SubmeshIndex: 0
    m_ManualUV: 0
    elementGroup: 0
    m_TextureGroup: -1
  - m_Indexes: 430000004400000045000000
    m_SmoothingGroup: 0
    m_Uv:
      m_UseWorldSpace: 0
      m_FlipU: 0
      m_FlipV: 0
      m_SwapUV: 0
      m_Fill: 1
      m_Scale: {x: 1, y: 1}
      m_Offset: {x: 0, y: 0}
      m_Rotation: 0
      m_Anchor: 9
    m_Material: {fileID: 2100000, guid: c22777d6e868e4f2fb421913386b154e, type: 2}
    m_SubmeshIndex: 0
    m_ManualUV: 0
    elementGroup: 0
    m_TextureGroup: -1
  - m_Indexes: 490000004a0000004b000000
    m_SmoothingGroup: 0
    m_Uv:
      m_UseWorldSpace: 0
      m_FlipU: 0
      m_FlipV: 0
      m_SwapUV: 0
      m_Fill: 1
      m_Scale: {x: 1, y: 1}
      m_Offset: {x: 0, y: 0}
      m_Rotation: 0
      m_Anchor: 9
    m_Material: {fileID: 2100000, guid: c22777d6e868e4f2fb421913386b154e, type: 2}
    m_SubmeshIndex: 0
    m_ManualUV: 0
    elementGroup: 0
    m_TextureGroup: -1
  - m_Indexes: 4f0000005000000051000000
    m_SmoothingGroup: 0
    m_Uv:
      m_UseWorldSpace: 0
      m_FlipU: 0
      m_FlipV: 0
      m_SwapUV: 0
      m_Fill: 1
      m_Scale: {x: 1, y: 1}
      m_Offset: {x: 0, y: 0}
      m_Rotation: 0
      m_Anchor: 9
    m_Material: {fileID: 2100000, guid: c22777d6e868e4f2fb421913386b154e, type: 2}
    m_SubmeshIndex: 0
    m_ManualUV: 0
    elementGroup: 0
    m_TextureGroup: -1
  - m_Indexes: 550000005600000057000000
    m_SmoothingGroup: 0
    m_Uv:
      m_UseWorldSpace: 0
      m_FlipU: 0
      m_FlipV: 0
      m_SwapUV: 0
      m_Fill: 1
      m_Scale: {x: 1, y: 1}
      m_Offset: {x: 0, y: 0}
      m_Rotation: 0
      m_Anchor: 9
    m_Material: {fileID: 2100000, guid: c22777d6e868e4f2fb421913386b154e, type: 2}
    m_SubmeshIndex: 0
    m_ManualUV: 0
    elementGroup: 0
    m_TextureGroup: -1
  - m_Indexes: 5b0000005c0000005d000000
    m_SmoothingGroup: 0
    m_Uv:
      m_UseWorldSpace: 0
      m_FlipU: 0
      m_FlipV: 0
      m_SwapUV: 0
      m_Fill: 1
      m_Scale: {x: 1, y: 1}
      m_Offset: {x: 0, y: 0}
      m_Rotation: 0
      m_Anchor: 9
    m_Material: {fileID: 2100000, guid: c22777d6e868e4f2fb421913386b154e, type: 2}
    m_SubmeshIndex: 0
    m_ManualUV: 0
    elementGroup: 0
    m_TextureGroup: -1
  - m_Indexes: 610000006200000063000000
    m_SmoothingGroup: 0
    m_Uv:
      m_UseWorldSpace: 0
      m_FlipU: 0
      m_FlipV: 0
      m_SwapUV: 0
      m_Fill: 1
      m_Scale: {x: 1, y: 1}
      m_Offset: {x: 0, y: 0}
      m_Rotation: 0
      m_Anchor: 9
    m_Material: {fileID: 2100000, guid: c22777d6e868e4f2fb421913386b154e, type: 2}
    m_SubmeshIndex: 0
    m_ManualUV: 0
    elementGroup: 0
    m_TextureGroup: -1
  m_SharedVertices:
  - m_Vertices: 00000000260000002800000060000000
  - m_Vertices: 01000000270000002b00000063000000
  - m_Vertices: 02000000040000002a0000002e000000
  - m_Vertices: 03000000050000002d00000031000000
  - m_Vertices: 06000000080000003000000034000000
  - m_Vertices: 07000000090000003300000037000000
  - m_Vertices: 0a0000000c000000360000003a000000
  - m_Vertices: 0b0000000d000000390000003d000000
  - m_Vertices: 0e000000100000003c00000040000000
  - m_Vertices: 0f000000110000003f00000043000000
  - m_Vertices: 12000000140000004200000046000000
  - m_Vertices: 13000000150000004500000049000000
  - m_Vertices: 1600000018000000480000004c000000
  - m_Vertices: 17000000190000004b0000004f000000
  - m_Vertices: 1a0000001c0000004e00000052000000
  - m_Vertices: 1b0000001d0000005100000055000000
  - m_Vertices: 1e000000200000005400000058000000
  - m_Vertices: 1f00000021000000570000005b000000
  - m_Vertices: 22000000240000005a0000005e000000
  - m_Vertices: 23000000250000005d00000061000000
  - m_Vertices: 290000002f000000350000003b00000041000000470000004d00000053000000590000005f000000
  - m_Vertices: 2c00000032000000380000003e000000440000004a00000050000000560000005c00000062000000
  m_SharedTextures: []
  m_Positions:
  - {x: 0, y: 0, z: 0}
  - {x: 0, y: 1.4353518, z: 0}
  - {x: -0.009549148, y: 0, z: 0.029389262}
  - {x: -0.009548187, y: 1.4353518, z: 0.029389381}
  - {x: -0.009549148, y: 0, z: 0.029389262}
  - {x: -0.009548187, y: 1.4353518, z: 0.029389381}
  - {x: -0.03454915, y: 0, z: 0.047552828}
  - {x: -0.034549713, y: 1.4353518, z: 0.047553062}
  - {x: -0.03454915, y: 0, z: 0.047552828}
  - {x: -0.034549713, y: 1.4353518, z: 0.047553062}
  - {x: -0.06545085, y: 0, z: 0.047552828}
  - {x: -0.065452576, y: 1.4353518, z: 0.047553062}
  - {x: -0.06545085, y: 0, z: 0.047552828}
  - {x: -0.065452576, y: 1.4353518, z: 0.047553062}
  - {x: -0.09045085, y: 0, z: 0.02938926}
  - {x: -0.09045029, y: 1.4353518, z: 0.029389381}
  - {x: -0.09045085, y: 0, z: 0.02938926}
  - {x: -0.09045029, y: 1.4353518, z: 0.029389381}
  - {x: -0.1, y: 0, z: -0.000000004371139}
  - {x: -0.099998474, y: 1.4353518, z: 0}
  - {x: -0.1, y: 0, z: -0.000000004371139}
  - {x: -0.099998474, y: 1.4353518, z: 0}
  - {x: -0.09045085, y: 0, z: -0.029389257}
  - {x: -0.09045029, y: 1.4353518, z: -0.029389381}
  - {x: -0.09045085, y: 0, z: -0.029389257}
  - {x: -0.09045029, y: 1.4353518, z: -0.029389381}
  - {x: -0.065450855, y: 0, z: -0.047552824}
  - {x: -0.065452576, y: 1.4353518, z: -0.047552586}
  - {x: -0.065450855, y: 0, z: -0.047552824}
  - {x: -0.065452576, y: 1.4353518, z: -0.047552586}
  - {x: -0.034549143, y: 0, z: -0.047552824}
  - {x: -0.034549713, y: 1.4353518, z: -0.047552586}
  - {x: -0.034549143, y: 0, z: -0.047552824}
  - {x: -0.034549713, y: 1.4353518, z: -0.047552586}
  - {x: -0.009549152, y: 0, z: -0.029389266}
  - {x: -0.009548187, y: 1.4353518, z: -0.029389381}
  - {x: -0.009549152, y: 0, z: -0.029389266}
  - {x: -0.009548187, y: 1.4353518, z: -0.029389381}
  - {x: 0, y: 0, z: 0}
  - {x: 0, y: 1.4353518, z: 0}
  - {x: 0, y: 0, z: 0}
  - {x: -0.05, y: 0, z: 0}
  - {x: -0.009549148, y: 0, z: 0.029389262}
  - {x: 0, y: 1.4353518, z: 0}
  - {x: -0.049999237, y: 1.4353518, z: 0}
  - {x: -0.009548187, y: 1.4353518, z: 0.029389381}
  - {x: -0.009549148, y: 0, z: 0.029389262}
  - {x: -0.05, y: 0, z: 0}
  - {x: -0.03454915, y: 0, z: 0.047552828}
  - {x: -0.009548187, y: 1.4353518, z: 0.029389381}
  - {x: -0.049999237, y: 1.4353518, z: 0}
  - {x: -0.034549713, y: 1.4353518, z: 0.047553062}
  - {x: -0.03454915, y: 0, z: 0.047552828}
  - {x: -0.05, y: 0, z: 0}
  - {x: -0.06545085, y: 0, z: 0.047552828}
  - {x: -0.034549713, y: 1.4353518, z: 0.047553062}
  - {x: -0.049999237, y: 1.4353518, z: 0}
  - {x: -0.065452576, y: 1.4353518, z: 0.047553062}
  - {x: -0.06545085, y: 0, z: 0.047552828}
  - {x: -0.05, y: 0, z: 0}
  - {x: -0.09045085, y: 0, z: 0.02938926}
  - {x: -0.065452576, y: 1.4353518, z: 0.047553062}
  - {x: -0.049999237, y: 1.4353518, z: 0}
  - {x: -0.09045029, y: 1.4353518, z: 0.029389381}
  - {x: -0.09045085, y: 0, z: 0.02938926}
  - {x: -0.05, y: 0, z: 0}
  - {x: -0.1, y: 0, z: -0.000000004371139}
  - {x: -0.09045029, y: 1.4353518, z: 0.029389381}
  - {x: -0.049999237, y: 1.4353518, z: 0}
  - {x: -0.099998474, y: 1.4353518, z: 0}
  - {x: -0.1, y: 0, z: -0.000000004371139}
  - {x: -0.05, y: 0, z: 0}
  - {x: -0.09045085, y: 0, z: -0.029389257}
  - {x: -0.099998474, y: 1.4353518, z: 0}
  - {x: -0.049999237, y: 1.4353518, z: 0}
  - {x: -0.09045029, y: 1.4353518, z: -0.029389381}
  - {x: -0.09045085, y: 0, z: -0.029389257}
  - {x: -0.05, y: 0, z: 0}
  - {x: -0.065450855, y: 0, z: -0.047552824}
  - {x: -0.09045029, y: 1.4353518, z: -0.029389381}
  - {x: -0.049999237, y: 1.4353518, z: 0}
  - {x: -0.065452576, y: 1.4353518, z: -0.047552586}
  - {x: -0.065450855, y: 0, z: -0.047552824}
  - {x: -0.05, y: 0, z: 0}
  - {x: -0.034549143, y: 0, z: -0.047552824}
  - {x: -0.065452576, y: 1.4353518, z: -0.047552586}
  - {x: -0.049999237, y: 1.4353518, z: 0}
  - {x: -0.034549713, y: 1.4353518, z: -0.047552586}
  - {x: -0.034549143, y: 0, z: -0.047552824}
  - {x: -0.05, y: 0, z: 0}
  - {x: -0.009549152, y: 0, z: -0.029389266}
  - {x: -0.034549713, y: 1.4353518, z: -0.047552586}
  - {x: -0.049999237, y: 1.4353518, z: 0}
  - {x: -0.009548187, y: 1.4353518, z: -0.029389381}
  - {x: -0.009549152, y: 0, z: -0.029389266}
  - {x: -0.05, y: 0, z: 0}
  - {x: 0, y: 0, z: 0}
  - {x: -0.009548187, y: 1.4353518, z: -0.029389381}
  - {x: -0.049999237, y: 1.4353518, z: 0}
  - {x: 0, y: 1.4353518, z: 0}
  m_Textures0:
  - {x: 0, y: 0}
  - {x: 0, y: 1.4353518}
  - {x: 0.030901698, y: 0}
  - {x: 0.030901516, y: 1.4353518}
  - {x: 0.024999999, y: 0.000000008369356}
  - {x: 0.02499929, y: 1.4353518}
  - {x: 0.055901702, y: 0.000000008369357}
  - {x: 0.055902295, y: 1.4353518}
  - {x: 0.03454915, y: 0.000000007775327}
  - {x: 0.034549713, y: 1.4353518}
  - {x: 0.06545085, y: 0.000000007775327}
  - {x: 0.065452576, y: 1.4353518}
  - {x: 0.024999995, y: 0.000000064641135}
  - {x: 0.025001256, y: 1.435352}
  - {x: 0.055901702, y: 0.000000064641135}
  - {x: 0.055901174, y: 1.435352}
  - {x: -0.000000004827446, y: -0.00000003320374}
  - {x: -0.0000002949527, y: 1.4353518}
  - {x: 0.030901697, y: -0.00000003320374}
  - {x: 0.03090122, y: 1.4353518}
  - {x: -0.0309017, y: -0.000000096338965}
  - {x: -0.03090123, y: 1.4353517}
  - {x: -0.000000011249834, y: -0.000000096338965}
  - {x: 0.00000028241845, y: 1.4353517}
  - {x: -0.05590169, y: -0.000000012429236}
  - {x: -0.055901162, y: 1.4353518}
  - {x: -0.024999993, y: -0.000000012429236}
  - {x: -0.025001526, y: 1.4353518}
  - {x: -0.065450855, y: -0.000000007898743}
  - {x: -0.065452576, y: 1.4353518}
  - {x: -0.034549143, y: -0.000000007898743}
  - {x: -0.034549713, y: 1.4353518}
  - {x: -0.05590169, y: -0.000000006680332}
  - {x: -0.05590201, y: 1.4353518}
  - {x: -0.025000004, y: -0.000000006680331}
  - {x: -0.02499929, y: 1.4353518}
  - {x: -0.030901704, y: -1.6646257e-16}
  - {x: -0.030901516, y: 1.4353518}
  - {x: 0, y: 0}
  - {x: 0, y: 1.4353518}
  - {x: 0, y: 0}
  - {x: 0.05, y: 0}
  - {x: 0.009549148, y: 0.029389262}
  - {x: 0, y: 0}
  - {x: -0.049999237, y: 0}
  - {x: -0.009548187, y: 0.029389381}
  - {x: 0.009549148, y: 0.029389262}
  - {x: 0.05, y: 0}
  - {x: 0.03454915, y: 0.047552828}
  - {x: -0.009548187, y: 0.029389381}
  - {x: -0.049999237, y: 0}
  - {x: -0.034549713, y: 0.047553062}
  - {x: 0.03454915, y: 0.047552828}
  - {x: 0.05, y: 0}
  - {x: 0.06545085, y: 0.047552828}
  - {x: -0.034549713, y: 0.047553062}
  - {x: -0.049999237, y: 0}
  - {x: -0.065452576, y: 0.047553062}
  - {x: 0.06545085, y: 0.047552828}
  - {x: 0.05, y: 0}
  - {x: 0.09045085, y: 0.02938926}
  - {x: -0.065452576, y: 0.047553062}
  - {x: -0.049999237, y: 0}
  - {x: -0.09045029, y: 0.029389381}
  - {x: 0.09045085, y: 0.02938926}
  - {x: 0.05, y: 0}
  - {x: 0.1, y: -0.000000004371139}
  - {x: -0.09045029, y: 0.029389381}
  - {x: -0.049999237, y: 0}
  - {x: -0.099998474, y: 0}
  - {x: 0.1, y: -0.000000004371139}
  - {x: 0.05, y: 0}
  - {x: 0.09045085, y: -0.029389257}
  - {x: -0.099998474, y: 0}
  - {x: -0.049999237, y: 0}
  - {x: -0.09045029, y: -0.029389381}
  - {x: 0.09045085, y: -0.029389257}
  - {x: 0.05, y: 0}
  - {x: 0.065450855, y: -0.047552824}
  - {x: -0.09045029, y: -0.029389381}
  - {x: -0.049999237, y: 0}
  - {x: -0.065452576, y: -0.047552586}
  - {x: 0.065450855, y: -0.047552824}
  - {x: 0.05, y: 0}
  - {x: 0.034549143, y: -0.047552824}
  - {x: -0.065452576, y: -0.047552586}
  - {x: -0.049999237, y: 0}
  - {x: -0.034549713, y: -0.047552586}
  - {x: 0.034549143, y: -0.047552824}
  - {x: 0.05, y: 0}
  - {x: 0.009549152, y: -0.029389266}
  - {x: -0.034549713, y: -0.047552586}
  - {x: -0.049999237, y: 0}
  - {x: -0.009548187, y: -0.029389381}
  - {x: 0.009549152, y: -0.029389266}
  - {x: 0.05, y: 0}
  - {x: 0, y: 0}
  - {x: -0.009548187, y: -0.029389381}
  - {x: -0.049999237, y: 0}
  - {x: 0, y: 0}
  m_Textures2: []
  m_Textures3: []
  m_Tangents:
  - {x: -0.000007677305, y: -0.000000056725018, z: 1, w: -1}
  - {x: -0.000007708602, y: -0.000000056579783, z: 1, w: -1}
  - {x: -0.58777905, y: 0.0000001352987, z: 0.80902153, w: -1}
  - {x: -0.587778, y: 0.00000014416062, z: 0.80902225, w: -1}
  - {x: -0.58777905, y: -0.0000001352987, z: 0.80902153, w: -1}
  - {x: -0.587778, y: -0.00000014416064, z: 0.80902225, w: -1}
  - {x: -0.9510585, y: 0.000000058908814, z: 0.30901086, w: -1}
  - {x: -0.9510605, y: 0.000000011179116, z: 0.30900463, w: -1}
  - {x: -0.9510585, y: -0.000000058908835, z: 0.30901083, w: -1}
  - {x: -0.9510605, y: -0.000000011179118, z: 0.3090047, w: -1}
  - {x: -0.95105654, y: 0.0000001714416, z: -0.30901706, w: -1}
  - {x: -0.95105296, y: 0.00000008571189, z: -0.30902812, w: -1}
  - {x: -0.95105654, y: -0.00000017144156, z: -0.30901697, w: -1}
  - {x: -0.95105296, y: -0.00000008571189, z: -0.30902806, w: -1}
  - {x: -0.58777577, y: -0.0000000018600965, z: -0.8090239, w: -1}
  - {x: -0.58776015, y: -0.00000014413614, z: -0.80903524, w: -1}
  - {x: -0.58777577, y: 0.0000000018600962, z: -0.80902386, w: -1}
  - {x: -0.5877602, y: 0.0000001441362, z: -0.8090352, w: -1}
  - {x: 0.000007771313, y: -0.00000028921582, z: -1, w: -1}
  - {x: 0.000007708602, y: -0.00000028898327, z: -1, w: -1}
  - {x: 0.000007739976, y: 0.00000028921582, z: -1, w: -1}
  - {x: 0.000007708602, y: 0.0000002889833, z: -1, w: -1}
  - {x: 0.58777905, y: -0.0000001438671, z: -0.80902153, w: -1}
  - {x: 0.5877659, y: -0.000000024577322, z: -0.8090311, w: -1}
  - {x: 0.5877789, y: 0.00000014386708, z: -0.8090216, w: -1}
  - {x: 0.5877659, y: 0.000000024577314, z: -0.809031, w: -1}
  - {x: 0.95105386, y: 0.0000000065511707, z: -0.3090252, w: -1}
  - {x: 0.95105124, y: 0.00000006907471, z: -0.30903324, w: -1}
  - {x: 0.95105386, y: -0.000000006551171, z: -0.30902517, w: -1}
  - {x: 0.95105124, y: -0.00000006907472, z: -0.30903324, w: -1}
  - {x: 0.95105654, y: -0.00000009119965, z: 0.30901703, w: -1}
  - {x: 0.9510595, y: -0.00000002048172, z: 0.3090079, w: -1}
  - {x: 0.95105654, y: 0.00000009119963, z: 0.30901694, w: -1}
  - {x: 0.9510595, y: 0.000000020481703, z: 0.30900782, w: -1}
  - {x: 0.587793, y: 0.00000012134925, z: 0.80901134, w: -1}
  - {x: 0.58779454, y: 0.00000013534905, z: 0.8090102, w: -1}
  - {x: 0.58779305, y: -0.00000012134926, z: 0.80901134, w: -1}
  - {x: 0.58779466, y: -0.00000013534905, z: 0.8090102, w: -1}
  - {x: -0.000007708641, y: 0.00000005672502, z: 1, w: -1}
  - {x: -0.000007708602, y: 0.000000056579793, z: 1, w: -1}
  - {x: -1, y: 0, z: 0, w: -1}
  - {x: -1, y: 0, z: 0, w: -1}
  - {x: -1, y: 0, z: 0, w: -1}
  - {x: 1, y: 0, z: 0, w: -1}
  - {x: 1, y: 0, z: 0, w: -1}
  - {x: 1, y: 0, z: 0, w: -1}
  - {x: -1, y: 0, z: 0, w: -1}
  - {x: -1, y: 0, z: 0, w: -1}
  - {x: -1, y: 0, z: 0, w: -1}
  - {x: 1, y: 0, z: 0, w: -1}
  - {x: 1, y: 0, z: 0, w: -1}
  - {x: 1, y: 0, z: 0, w: -1}
  - {x: -1, y: 0, z: 0, w: -1}
  - {x: -1, y: 0, z: 0, w: -1}
  - {x: -1, y: 0, z: 0, w: -1}
  - {x: 1, y: 0, z: 0, w: -1}
  - {x: 1, y: 0, z: 0, w: -1}
  - {x: 1, y: 0, z: 0, w: -1}
  - {x: -1, y: 0, z: 0, w: -1}
  - {x: -1, y: 0, z: 0, w: -1}
  - {x: -1, y: 0, z: 0, w: -1}
  - {x: 1, y: 0, z: 0, w: -1}
  - {x: 1, y: 0, z: 0, w: -1}
  - {x: 1, y: 0, z: 0, w: -1}
  - {x: -1, y: 0, z: 0, w: -1}
  - {x: -1, y: 0, z: 0, w: -1}
  - {x: -1, y: 0, z: 0, w: -1}
  - {x: 1, y: 0, z: 0, w: -1}
  - {x: 1, y: 0, z: 0, w: -1}
  - {x: 1, y: 0, z: 0, w: -1}
  - {x: -1, y: 0, z: 0, w: -1}
  - {x: -1, y: 0, z: 0, w: -1}
  - {x: -1, y: 0, z: 0, w: -1}
  - {x: 1, y: 0, z: 0, w: -1}
  - {x: 1, y: 0, z: 0, w: -1}
  - {x: 1, y: 0, z: 0, w: -1}
  - {x: -1, y: 0, z: 0, w: -1}
  - {x: -1, y: 0, z: 0, w: -1}
  - {x: -1, y: 0, z: 0, w: -1}
  - {x: 1, y: 0, z: 0, w: -1}
  - {x: 1, y: 0, z: 0, w: -1}
  - {x: 1, y: 0, z: 0, w: -1}
  - {x: -1, y: 0, z: 0, w: -1}
  - {x: -1, y: 0, z: 0, w: -1}
  - {x: -1, y: 0, z: 0, w: -1}
  - {x: 1, y: 0, z: 0, w: -1}
  - {x: 1, y: 0, z: 0, w: -1}
  - {x: 1, y: 0, z: 0, w: -1}
  - {x: -1, y: 0, z: 0, w: -1}
  - {x: -1, y: 0, z: 0, w: -1}
  - {x: -1, y: 0, z: 0, w: -1}
  - {x: 1, y: 0, z: 0, w: -1}
  - {x: 1, y: 0, z: 0, w: -1}
  - {x: 1, y: 0, z: 0, w: -1}
  - {x: -1, y: 0, z: 0, w: -1}
  - {x: -1, y: 0, z: 0, w: -1}
  - {x: -1, y: 0, z: 0, w: -1}
  - {x: 1, y: 0, z: 0, w: -1}
  - {x: 1, y: 0, z: 0, w: -1}
  - {x: 1, y: 0, z: 0, w: -1}
  m_Colors: []
  m_UnwrapParameters:
    m_HardAngle: 88
    m_PackMargin: 20
    m_AngleError: 8
    m_AreaError: 15
  m_PreserveMeshAssetOnDestroy: 0
  assetGuid: 
  m_IsSelectable: 1
  m_SelectedFaces: 
  m_SelectedEdges: []
  m_SelectedVertices: 
--- !u!64 &2725519348009176452
MeshCollider:
  m_ObjectHideFlags: 0
  m_CorrespondingSourceObject: {fileID: 0}
  m_PrefabInstance: {fileID: 0}
  m_PrefabAsset: {fileID: 0}
  m_GameObject: {fileID: 2725519348009176459}
  m_Material: {fileID: 0}
  m_IsTrigger: 0
  m_Enabled: 1
  serializedVersion: 3
  m_Convex: 0
  m_CookingOptions: 14
  m_Mesh: {fileID: 0}
--- !u!1 &2725519348142323210
GameObject:
  m_ObjectHideFlags: 0
  m_CorrespondingSourceObject: {fileID: 0}
  m_PrefabInstance: {fileID: 0}
  m_PrefabAsset: {fileID: 0}
  serializedVersion: 6
  m_Component:
  - component: {fileID: 2725519348142323204}
  - component: {fileID: 2725519348142323211}
  m_Layer: 0
  m_Name: Point Light (15)
  m_TagString: Untagged
  m_Icon: {fileID: 0}
  m_NavMeshLayer: 0
  m_StaticEditorFlags: 0
  m_IsActive: 1
--- !u!4 &2725519348142323204
Transform:
  m_ObjectHideFlags: 0
  m_CorrespondingSourceObject: {fileID: 0}
  m_PrefabInstance: {fileID: 0}
  m_PrefabAsset: {fileID: 0}
  m_GameObject: {fileID: 2725519348142323210}
  m_LocalRotation: {x: -0, y: -0, z: -0, w: 1}
  m_LocalPosition: {x: -2.2952652, y: 2.1208072, z: -0.03281784}
  m_LocalScale: {x: 1, y: 1, z: 1}
  m_Children: []
  m_Father: {fileID: 8520330034808854458}
  m_RootOrder: 4
  m_LocalEulerAnglesHint: {x: 0, y: 0, z: 0}
--- !u!108 &2725519348142323211
Light:
  m_ObjectHideFlags: 0
  m_CorrespondingSourceObject: {fileID: 0}
  m_PrefabInstance: {fileID: 0}
  m_PrefabAsset: {fileID: 0}
  m_GameObject: {fileID: 2725519348142323210}
  m_Enabled: 1
  serializedVersion: 9
  m_Type: 2
  m_Color: {r: 0.7764706, g: 0.27450982, b: 0.27450982, a: 1}
  m_Intensity: 1
  m_Range: 4.048868
  m_SpotAngle: 30
  m_InnerSpotAngle: 21.80208
  m_CookieSize: 10
  m_Shadows:
    m_Type: 2
    m_Resolution: -1
    m_CustomResolution: -1
    m_Strength: 1
    m_Bias: 0.05
    m_NormalBias: 0.4
    m_NearPlane: 0.2
    m_CullingMatrixOverride:
      e00: 1
      e01: 0
      e02: 0
      e03: 0
      e10: 0
      e11: 1
      e12: 0
      e13: 0
      e20: 0
      e21: 0
      e22: 1
      e23: 0
      e30: 0
      e31: 0
      e32: 0
      e33: 1
    m_UseCullingMatrixOverride: 0
  m_Cookie: {fileID: 0}
  m_DrawHalo: 0
  m_Flare: {fileID: 0}
  m_RenderMode: 1
  m_CullingMask:
    serializedVersion: 2
    m_Bits: 4294967295
  m_RenderingLayerMask: 1
  m_Lightmapping: 4
  m_LightShadowCasterMode: 0
  m_AreaSize: {x: 1, y: 1}
  m_BounceIntensity: 1
  m_ColorTemperature: 6570
  m_UseColorTemperature: 0
  m_BoundingSphereOverride: {x: 0, y: 0, z: 0, w: 0}
  m_UseBoundingSphereOverride: 0
  m_ShadowRadius: 0
  m_ShadowAngle: 0
--- !u!1 &2725519348659585621
GameObject:
  m_ObjectHideFlags: 0
  m_CorrespondingSourceObject: {fileID: 0}
  m_PrefabInstance: {fileID: 0}
  m_PrefabAsset: {fileID: 0}
  serializedVersion: 6
  m_Component:
  - component: {fileID: 2725519348659585617}
  - component: {fileID: 2725519348659585616}
  - component: {fileID: 2725519348659585623}
  - component: {fileID: 2725519348659585622}
  m_Layer: 0
  m_Name: Light (42)
  m_TagString: Untagged
  m_Icon: {fileID: 0}
  m_NavMeshLayer: 0
  m_StaticEditorFlags: 0
  m_IsActive: 1
--- !u!4 &2725519348659585617
Transform:
  m_ObjectHideFlags: 0
  m_CorrespondingSourceObject: {fileID: 0}
  m_PrefabInstance: {fileID: 0}
  m_PrefabAsset: {fileID: 0}
  m_GameObject: {fileID: 2725519348659585621}
  m_LocalRotation: {x: -0, y: -0, z: -0.7071068, w: 0.7071068}
  m_LocalPosition: {x: -2.1062622, y: 2.653808, z: -0.035817623}
  m_LocalScale: {x: 0.23356012, y: 0.8933033, z: 0.41302574}
  m_Children: []
  m_Father: {fileID: 8520330034808854458}
  m_RootOrder: 0
  m_LocalEulerAnglesHint: {x: 0, y: 0, z: -90.00001}
--- !u!33 &2725519348659585616
MeshFilter:
  m_ObjectHideFlags: 0
  m_CorrespondingSourceObject: {fileID: 0}
  m_PrefabInstance: {fileID: 0}
  m_PrefabAsset: {fileID: 0}
  m_GameObject: {fileID: 2725519348659585621}
  m_Mesh: {fileID: 10206, guid: 0000000000000000e000000000000000, type: 0}
--- !u!23 &2725519348659585623
MeshRenderer:
  m_ObjectHideFlags: 0
  m_CorrespondingSourceObject: {fileID: 0}
  m_PrefabInstance: {fileID: 0}
  m_PrefabAsset: {fileID: 0}
  m_GameObject: {fileID: 2725519348659585621}
  m_Enabled: 1
  m_CastShadows: 1
  m_ReceiveShadows: 1
  m_DynamicOccludee: 1
  m_MotionVectors: 1
  m_LightProbeUsage: 1
  m_ReflectionProbeUsage: 1
  m_RenderingLayerMask: 1
  m_RendererPriority: 0
  m_Materials:
  - {fileID: 2100000, guid: d5ac91d50dc0b0f4696087377ce0c4ce, type: 2}
  m_StaticBatchInfo:
    firstSubMesh: 0
    subMeshCount: 0
  m_StaticBatchRoot: {fileID: 0}
  m_ProbeAnchor: {fileID: 0}
  m_LightProbeVolumeOverride: {fileID: 0}
  m_ScaleInLightmap: 1
  m_PreserveUVs: 0
  m_IgnoreNormalsForChartDetection: 0
  m_ImportantGI: 0
  m_StitchLightmapSeams: 1
  m_SelectedEditorRenderState: 3
  m_MinimumChartSize: 4
  m_AutoUVMaxDistance: 0.5
  m_AutoUVMaxAngle: 89
  m_LightmapParameters: {fileID: 0}
  m_SortingLayerID: 0
  m_SortingLayer: 0
  m_SortingOrder: 0
--- !u!136 &2725519348659585622
CapsuleCollider:
  m_ObjectHideFlags: 0
  m_CorrespondingSourceObject: {fileID: 0}
  m_PrefabInstance: {fileID: 0}
  m_PrefabAsset: {fileID: 0}
  m_GameObject: {fileID: 2725519348659585621}
  m_Material: {fileID: 0}
  m_IsTrigger: 0
  m_Enabled: 0
  m_Radius: 0.5000001
  m_Height: 2
  m_Direction: 1
  m_Center: {x: 0.000000059604645, y: 0, z: -0.00000008940697}
--- !u!1 &2725519349236177606
GameObject:
  m_ObjectHideFlags: 0
  m_CorrespondingSourceObject: {fileID: 0}
  m_PrefabInstance: {fileID: 0}
  m_PrefabAsset: {fileID: 0}
  serializedVersion: 6
  m_Component:
  - component: {fileID: 2725519349236177603}
  - component: {fileID: 2725519349236177602}
  - component: {fileID: 2725519349236177601}
  - component: {fileID: 2725519349236177600}
  - component: {fileID: 2725519349236177607}
  m_Layer: 0
  m_Name: Cylinder (6)
  m_TagString: Untagged
  m_Icon: {fileID: 0}
  m_NavMeshLayer: 0
  m_StaticEditorFlags: 0
  m_IsActive: 1
--- !u!4 &2725519349236177603
Transform:
  m_ObjectHideFlags: 0
  m_CorrespondingSourceObject: {fileID: 0}
  m_PrefabInstance: {fileID: 0}
  m_PrefabAsset: {fileID: 0}
  m_GameObject: {fileID: 2725519349236177606}
  m_LocalRotation: {x: -0, y: -0, z: -0, w: 1}
  m_LocalPosition: {x: -1.2652664, y: 2.7388072, z: -0.05981779}
  m_LocalScale: {x: 1, y: 1, z: 1}
  m_Children: []
  m_Father: {fileID: 8520330034808854458}
  m_RootOrder: 3
  m_LocalEulerAnglesHint: {x: 0, y: 0, z: 0}
--- !u!33 &2725519349236177602
MeshFilter:
  m_ObjectHideFlags: 0
  m_CorrespondingSourceObject: {fileID: 0}
  m_PrefabInstance: {fileID: 0}
  m_PrefabAsset: {fileID: 0}
  m_GameObject: {fileID: 2725519349236177606}
  m_Mesh: {fileID: 0}
--- !u!23 &2725519349236177601
MeshRenderer:
  m_ObjectHideFlags: 0
  m_CorrespondingSourceObject: {fileID: 0}
  m_PrefabInstance: {fileID: 0}
  m_PrefabAsset: {fileID: 0}
  m_GameObject: {fileID: 2725519349236177606}
  m_Enabled: 1
  m_CastShadows: 1
  m_ReceiveShadows: 1
  m_DynamicOccludee: 1
  m_MotionVectors: 1
  m_LightProbeUsage: 1
  m_ReflectionProbeUsage: 1
  m_RenderingLayerMask: 1
  m_RendererPriority: 0
  m_Materials:
  - {fileID: 2100000, guid: c22777d6e868e4f2fb421913386b154e, type: 2}
  m_StaticBatchInfo:
    firstSubMesh: 0
    subMeshCount: 0
  m_StaticBatchRoot: {fileID: 0}
  m_ProbeAnchor: {fileID: 0}
  m_LightProbeVolumeOverride: {fileID: 0}
  m_ScaleInLightmap: 1
  m_PreserveUVs: 0
  m_IgnoreNormalsForChartDetection: 0
  m_ImportantGI: 0
  m_StitchLightmapSeams: 1
  m_SelectedEditorRenderState: 2
  m_MinimumChartSize: 4
  m_AutoUVMaxDistance: 0.5
  m_AutoUVMaxAngle: 89
  m_LightmapParameters: {fileID: 0}
  m_SortingLayerID: 0
  m_SortingLayer: 0
  m_SortingOrder: 0
--- !u!114 &2725519349236177600
MonoBehaviour:
  m_ObjectHideFlags: 0
  m_CorrespondingSourceObject: {fileID: 0}
  m_PrefabInstance: {fileID: 0}
  m_PrefabAsset: {fileID: 0}
  m_GameObject: {fileID: 2725519349236177606}
  m_Enabled: 1
  m_EditorHideFlags: 0
  m_Script: {fileID: 11500000, guid: 8233d90336aea43098adf6dbabd606a2, type: 3}
  m_Name: 
  m_EditorClassIdentifier: 
  m_MeshFormatVersion: 1
  m_Faces:
  - m_Indexes: 000000000100000002000000010000000300000002000000
    m_SmoothingGroup: 1
    m_Uv:
      m_UseWorldSpace: 0
      m_FlipU: 0
      m_FlipV: 0
      m_SwapUV: 0
      m_Fill: 1
      m_Scale: {x: 1, y: 1}
      m_Offset: {x: 0, y: 0}
      m_Rotation: 0
      m_Anchor: 9
    m_Material: {fileID: 0}
    m_SubmeshIndex: 0
    m_ManualUV: 0
    elementGroup: -1
    m_TextureGroup: -1
  - m_Indexes: 040000000500000006000000050000000700000006000000
    m_SmoothingGroup: 1
    m_Uv:
      m_UseWorldSpace: 0
      m_FlipU: 0
      m_FlipV: 0
      m_SwapUV: 0
      m_Fill: 1
      m_Scale: {x: 1, y: 1}
      m_Offset: {x: 0, y: 0}
      m_Rotation: 0
      m_Anchor: 9
    m_Material: {fileID: 0}
    m_SubmeshIndex: 0
    m_ManualUV: 0
    elementGroup: -1
    m_TextureGroup: -1
  - m_Indexes: 08000000090000000a000000090000000b0000000a000000
    m_SmoothingGroup: 1
    m_Uv:
      m_UseWorldSpace: 0
      m_FlipU: 0
      m_FlipV: 0
      m_SwapUV: 0
      m_Fill: 1
      m_Scale: {x: 1, y: 1}
      m_Offset: {x: 0, y: 0}
      m_Rotation: 0
      m_Anchor: 9
    m_Material: {fileID: 0}
    m_SubmeshIndex: 0
    m_ManualUV: 0
    elementGroup: -1
    m_TextureGroup: -1
  - m_Indexes: 0c0000000d0000000e0000000d0000000f0000000e000000
    m_SmoothingGroup: 1
    m_Uv:
      m_UseWorldSpace: 0
      m_FlipU: 0
      m_FlipV: 0
      m_SwapUV: 0
      m_Fill: 1
      m_Scale: {x: 1, y: 1}
      m_Offset: {x: 0, y: 0}
      m_Rotation: 0
      m_Anchor: 9
    m_Material: {fileID: 0}
    m_SubmeshIndex: 0
    m_ManualUV: 0
    elementGroup: -1
    m_TextureGroup: -1
  - m_Indexes: 100000001100000012000000110000001300000012000000
    m_SmoothingGroup: 1
    m_Uv:
      m_UseWorldSpace: 0
      m_FlipU: 0
      m_FlipV: 0
      m_SwapUV: 0
      m_Fill: 1
      m_Scale: {x: 1, y: 1}
      m_Offset: {x: 0, y: 0}
      m_Rotation: 0
      m_Anchor: 9
    m_Material: {fileID: 0}
    m_SubmeshIndex: 0
    m_ManualUV: 0
    elementGroup: -1
    m_TextureGroup: -1
  - m_Indexes: 140000001500000016000000150000001700000016000000
    m_SmoothingGroup: 1
    m_Uv:
      m_UseWorldSpace: 0
      m_FlipU: 0
      m_FlipV: 0
      m_SwapUV: 0
      m_Fill: 1
      m_Scale: {x: 1, y: 1}
      m_Offset: {x: 0, y: 0}
      m_Rotation: 0
      m_Anchor: 9
    m_Material: {fileID: 0}
    m_SubmeshIndex: 0
    m_ManualUV: 0
    elementGroup: -1
    m_TextureGroup: -1
  - m_Indexes: 18000000190000001a000000190000001b0000001a000000
    m_SmoothingGroup: 1
    m_Uv:
      m_UseWorldSpace: 0
      m_FlipU: 0
      m_FlipV: 0
      m_SwapUV: 0
      m_Fill: 1
      m_Scale: {x: 1, y: 1}
      m_Offset: {x: 0, y: 0}
      m_Rotation: 0
      m_Anchor: 9
    m_Material: {fileID: 0}
    m_SubmeshIndex: 0
    m_ManualUV: 0
    elementGroup: -1
    m_TextureGroup: -1
  - m_Indexes: 1c0000001d0000001e0000001d0000001f0000001e000000
    m_SmoothingGroup: 1
    m_Uv:
      m_UseWorldSpace: 0
      m_FlipU: 0
      m_FlipV: 0
      m_SwapUV: 0
      m_Fill: 1
      m_Scale: {x: 1, y: 1}
      m_Offset: {x: 0, y: 0}
      m_Rotation: 0
      m_Anchor: 9
    m_Material: {fileID: 0}
    m_SubmeshIndex: 0
    m_ManualUV: 0
    elementGroup: -1
    m_TextureGroup: -1
  - m_Indexes: 200000002100000022000000210000002300000022000000
    m_SmoothingGroup: 1
    m_Uv:
      m_UseWorldSpace: 0
      m_FlipU: 0
      m_FlipV: 0
      m_SwapUV: 0
      m_Fill: 1
      m_Scale: {x: 1, y: 1}
      m_Offset: {x: 0, y: 0}
      m_Rotation: 0
      m_Anchor: 9
    m_Material: {fileID: 0}
    m_SubmeshIndex: 0
    m_ManualUV: 0
    elementGroup: -1
    m_TextureGroup: -1
  - m_Indexes: 240000002500000026000000250000002700000026000000
    m_SmoothingGroup: 1
    m_Uv:
      m_UseWorldSpace: 0
      m_FlipU: 0
      m_FlipV: 0
      m_SwapUV: 0
      m_Fill: 1
      m_Scale: {x: 1, y: 1}
      m_Offset: {x: 0, y: 0}
      m_Rotation: 0
      m_Anchor: 9
    m_Material: {fileID: 0}
    m_SubmeshIndex: 0
    m_ManualUV: 0
    elementGroup: -1
    m_TextureGroup: -1
  - m_Indexes: 2a0000002900000028000000
    m_SmoothingGroup: 0
    m_Uv:
      m_UseWorldSpace: 0
      m_FlipU: 0
      m_FlipV: 0
      m_SwapUV: 0
      m_Fill: 1
      m_Scale: {x: 1, y: 1}
      m_Offset: {x: 0, y: 0}
      m_Rotation: 0
      m_Anchor: 9
    m_Material: {fileID: 2100000, guid: c22777d6e868e4f2fb421913386b154e, type: 2}
    m_SubmeshIndex: 0
    m_ManualUV: 0
    elementGroup: 0
    m_TextureGroup: -1
  - m_Indexes: 300000002f0000002e000000
    m_SmoothingGroup: 0
    m_Uv:
      m_UseWorldSpace: 0
      m_FlipU: 0
      m_FlipV: 0
      m_SwapUV: 0
      m_Fill: 1
      m_Scale: {x: 1, y: 1}
      m_Offset: {x: 0, y: 0}
      m_Rotation: 0
      m_Anchor: 9
    m_Material: {fileID: 2100000, guid: c22777d6e868e4f2fb421913386b154e, type: 2}
    m_SubmeshIndex: 0
    m_ManualUV: 0
    elementGroup: 0
    m_TextureGroup: -1
  - m_Indexes: 360000003500000034000000
    m_SmoothingGroup: 0
    m_Uv:
      m_UseWorldSpace: 0
      m_FlipU: 0
      m_FlipV: 0
      m_SwapUV: 0
      m_Fill: 1
      m_Scale: {x: 1, y: 1}
      m_Offset: {x: 0, y: 0}
      m_Rotation: 0
      m_Anchor: 9
    m_Material: {fileID: 2100000, guid: c22777d6e868e4f2fb421913386b154e, type: 2}
    m_SubmeshIndex: 0
    m_ManualUV: 0
    elementGroup: 0
    m_TextureGroup: -1
  - m_Indexes: 3c0000003b0000003a000000
    m_SmoothingGroup: 0
    m_Uv:
      m_UseWorldSpace: 0
      m_FlipU: 0
      m_FlipV: 0
      m_SwapUV: 0
      m_Fill: 1
      m_Scale: {x: 1, y: 1}
      m_Offset: {x: 0, y: 0}
      m_Rotation: 0
      m_Anchor: 9
    m_Material: {fileID: 2100000, guid: c22777d6e868e4f2fb421913386b154e, type: 2}
    m_SubmeshIndex: 0
    m_ManualUV: 0
    elementGroup: 0
    m_TextureGroup: -1
  - m_Indexes: 420000004100000040000000
    m_SmoothingGroup: 0
    m_Uv:
      m_UseWorldSpace: 0
      m_FlipU: 0
      m_FlipV: 0
      m_SwapUV: 0
      m_Fill: 1
      m_Scale: {x: 1, y: 1}
      m_Offset: {x: 0, y: 0}
      m_Rotation: 0
      m_Anchor: 9
    m_Material: {fileID: 2100000, guid: c22777d6e868e4f2fb421913386b154e, type: 2}
    m_SubmeshIndex: 0
    m_ManualUV: 0
    elementGroup: 0
    m_TextureGroup: -1
  - m_Indexes: 480000004700000046000000
    m_SmoothingGroup: 0
    m_Uv:
      m_UseWorldSpace: 0
      m_FlipU: 0
      m_FlipV: 0
      m_SwapUV: 0
      m_Fill: 1
      m_Scale: {x: 1, y: 1}
      m_Offset: {x: 0, y: 0}
      m_Rotation: 0
      m_Anchor: 9
    m_Material: {fileID: 2100000, guid: c22777d6e868e4f2fb421913386b154e, type: 2}
    m_SubmeshIndex: 0
    m_ManualUV: 0
    elementGroup: 0
    m_TextureGroup: -1
  - m_Indexes: 4e0000004d0000004c000000
    m_SmoothingGroup: 0
    m_Uv:
      m_UseWorldSpace: 0
      m_FlipU: 0
      m_FlipV: 0
      m_SwapUV: 0
      m_Fill: 1
      m_Scale: {x: 1, y: 1}
      m_Offset: {x: 0, y: 0}
      m_Rotation: 0
      m_Anchor: 9
    m_Material: {fileID: 2100000, guid: c22777d6e868e4f2fb421913386b154e, type: 2}
    m_SubmeshIndex: 0
    m_ManualUV: 0
    elementGroup: 0
    m_TextureGroup: -1
  - m_Indexes: 540000005300000052000000
    m_SmoothingGroup: 0
    m_Uv:
      m_UseWorldSpace: 0
      m_FlipU: 0
      m_FlipV: 0
      m_SwapUV: 0
      m_Fill: 1
      m_Scale: {x: 1, y: 1}
      m_Offset: {x: 0, y: 0}
      m_Rotation: 0
      m_Anchor: 9
    m_Material: {fileID: 2100000, guid: c22777d6e868e4f2fb421913386b154e, type: 2}
    m_SubmeshIndex: 0
    m_ManualUV: 0
    elementGroup: 0
    m_TextureGroup: -1
  - m_Indexes: 5a0000005900000058000000
    m_SmoothingGroup: 0
    m_Uv:
      m_UseWorldSpace: 0
      m_FlipU: 0
      m_FlipV: 0
      m_SwapUV: 0
      m_Fill: 1
      m_Scale: {x: 1, y: 1}
      m_Offset: {x: 0, y: 0}
      m_Rotation: 0
      m_Anchor: 9
    m_Material: {fileID: 2100000, guid: c22777d6e868e4f2fb421913386b154e, type: 2}
    m_SubmeshIndex: 0
    m_ManualUV: 0
    elementGroup: 0
    m_TextureGroup: -1
  - m_Indexes: 600000005f0000005e000000
    m_SmoothingGroup: 0
    m_Uv:
      m_UseWorldSpace: 0
      m_FlipU: 0
      m_FlipV: 0
      m_SwapUV: 0
      m_Fill: 1
      m_Scale: {x: 1, y: 1}
      m_Offset: {x: 0, y: 0}
      m_Rotation: 0
      m_Anchor: 9
    m_Material: {fileID: 2100000, guid: c22777d6e868e4f2fb421913386b154e, type: 2}
    m_SubmeshIndex: 0
    m_ManualUV: 0
    elementGroup: 0
    m_TextureGroup: -1
  - m_Indexes: 2b0000002c0000002d000000
    m_SmoothingGroup: 0
    m_Uv:
      m_UseWorldSpace: 0
      m_FlipU: 0
      m_FlipV: 0
      m_SwapUV: 0
      m_Fill: 1
      m_Scale: {x: 1, y: 1}
      m_Offset: {x: 0, y: 0}
      m_Rotation: 0
      m_Anchor: 9
    m_Material: {fileID: 2100000, guid: c22777d6e868e4f2fb421913386b154e, type: 2}
    m_SubmeshIndex: 0
    m_ManualUV: 0
    elementGroup: 0
    m_TextureGroup: -1
  - m_Indexes: 310000003200000033000000
    m_SmoothingGroup: 0
    m_Uv:
      m_UseWorldSpace: 0
      m_FlipU: 0
      m_FlipV: 0
      m_SwapUV: 0
      m_Fill: 1
      m_Scale: {x: 1, y: 1}
      m_Offset: {x: 0, y: 0}
      m_Rotation: 0
      m_Anchor: 9
    m_Material: {fileID: 2100000, guid: c22777d6e868e4f2fb421913386b154e, type: 2}
    m_SubmeshIndex: 0
    m_ManualUV: 0
    elementGroup: 0
    m_TextureGroup: -1
  - m_Indexes: 370000003800000039000000
    m_SmoothingGroup: 0
    m_Uv:
      m_UseWorldSpace: 0
      m_FlipU: 0
      m_FlipV: 0
      m_SwapUV: 0
      m_Fill: 1
      m_Scale: {x: 1, y: 1}
      m_Offset: {x: 0, y: 0}
      m_Rotation: 0
      m_Anchor: 9
    m_Material: {fileID: 2100000, guid: c22777d6e868e4f2fb421913386b154e, type: 2}
    m_SubmeshIndex: 0
    m_ManualUV: 0
    elementGroup: 0
    m_TextureGroup: -1
  - m_Indexes: 3d0000003e0000003f000000
    m_SmoothingGroup: 0
    m_Uv:
      m_UseWorldSpace: 0
      m_FlipU: 0
      m_FlipV: 0
      m_SwapUV: 0
      m_Fill: 1
      m_Scale: {x: 1, y: 1}
      m_Offset: {x: 0, y: 0}
      m_Rotation: 0
      m_Anchor: 9
    m_Material: {fileID: 2100000, guid: c22777d6e868e4f2fb421913386b154e, type: 2}
    m_SubmeshIndex: 0
    m_ManualUV: 0
    elementGroup: 0
    m_TextureGroup: -1
  - m_Indexes: 430000004400000045000000
    m_SmoothingGroup: 0
    m_Uv:
      m_UseWorldSpace: 0
      m_FlipU: 0
      m_FlipV: 0
      m_SwapUV: 0
      m_Fill: 1
      m_Scale: {x: 1, y: 1}
      m_Offset: {x: 0, y: 0}
      m_Rotation: 0
      m_Anchor: 9
    m_Material: {fileID: 2100000, guid: c22777d6e868e4f2fb421913386b154e, type: 2}
    m_SubmeshIndex: 0
    m_ManualUV: 0
    elementGroup: 0
    m_TextureGroup: -1
  - m_Indexes: 490000004a0000004b000000
    m_SmoothingGroup: 0
    m_Uv:
      m_UseWorldSpace: 0
      m_FlipU: 0
      m_FlipV: 0
      m_SwapUV: 0
      m_Fill: 1
      m_Scale: {x: 1, y: 1}
      m_Offset: {x: 0, y: 0}
      m_Rotation: 0
      m_Anchor: 9
    m_Material: {fileID: 2100000, guid: c22777d6e868e4f2fb421913386b154e, type: 2}
    m_SubmeshIndex: 0
    m_ManualUV: 0
    elementGroup: 0
    m_TextureGroup: -1
  - m_Indexes: 4f0000005000000051000000
    m_SmoothingGroup: 0
    m_Uv:
      m_UseWorldSpace: 0
      m_FlipU: 0
      m_FlipV: 0
      m_SwapUV: 0
      m_Fill: 1
      m_Scale: {x: 1, y: 1}
      m_Offset: {x: 0, y: 0}
      m_Rotation: 0
      m_Anchor: 9
    m_Material: {fileID: 2100000, guid: c22777d6e868e4f2fb421913386b154e, type: 2}
    m_SubmeshIndex: 0
    m_ManualUV: 0
    elementGroup: 0
    m_TextureGroup: -1
  - m_Indexes: 550000005600000057000000
    m_SmoothingGroup: 0
    m_Uv:
      m_UseWorldSpace: 0
      m_FlipU: 0
      m_FlipV: 0
      m_SwapUV: 0
      m_Fill: 1
      m_Scale: {x: 1, y: 1}
      m_Offset: {x: 0, y: 0}
      m_Rotation: 0
      m_Anchor: 9
    m_Material: {fileID: 2100000, guid: c22777d6e868e4f2fb421913386b154e, type: 2}
    m_SubmeshIndex: 0
    m_ManualUV: 0
    elementGroup: 0
    m_TextureGroup: -1
  - m_Indexes: 5b0000005c0000005d000000
    m_SmoothingGroup: 0
    m_Uv:
      m_UseWorldSpace: 0
      m_FlipU: 0
      m_FlipV: 0
      m_SwapUV: 0
      m_Fill: 1
      m_Scale: {x: 1, y: 1}
      m_Offset: {x: 0, y: 0}
      m_Rotation: 0
      m_Anchor: 9
    m_Material: {fileID: 2100000, guid: c22777d6e868e4f2fb421913386b154e, type: 2}
    m_SubmeshIndex: 0
    m_ManualUV: 0
    elementGroup: 0
    m_TextureGroup: -1
  - m_Indexes: 610000006200000063000000
    m_SmoothingGroup: 0
    m_Uv:
      m_UseWorldSpace: 0
      m_FlipU: 0
      m_FlipV: 0
      m_SwapUV: 0
      m_Fill: 1
      m_Scale: {x: 1, y: 1}
      m_Offset: {x: 0, y: 0}
      m_Rotation: 0
      m_Anchor: 9
    m_Material: {fileID: 2100000, guid: c22777d6e868e4f2fb421913386b154e, type: 2}
    m_SubmeshIndex: 0
    m_ManualUV: 0
    elementGroup: 0
    m_TextureGroup: -1
  m_SharedVertices:
  - m_Vertices: 00000000260000002800000060000000
  - m_Vertices: 01000000270000002b00000063000000
  - m_Vertices: 02000000040000002a0000002e000000
  - m_Vertices: 03000000050000002d00000031000000
  - m_Vertices: 06000000080000003000000034000000
  - m_Vertices: 07000000090000003300000037000000
  - m_Vertices: 0a0000000c000000360000003a000000
  - m_Vertices: 0b0000000d000000390000003d000000
  - m_Vertices: 0e000000100000003c00000040000000
  - m_Vertices: 0f000000110000003f00000043000000
  - m_Vertices: 12000000140000004200000046000000
  - m_Vertices: 13000000150000004500000049000000
  - m_Vertices: 1600000018000000480000004c000000
  - m_Vertices: 17000000190000004b0000004f000000
  - m_Vertices: 1a0000001c0000004e00000052000000
  - m_Vertices: 1b0000001d0000005100000055000000
  - m_Vertices: 1e000000200000005400000058000000
  - m_Vertices: 1f00000021000000570000005b000000
  - m_Vertices: 22000000240000005a0000005e000000
  - m_Vertices: 23000000250000005d00000061000000
  - m_Vertices: 290000002f000000350000003b00000041000000470000004d00000053000000590000005f000000
  - m_Vertices: 2c00000032000000380000003e000000440000004a00000050000000560000005c00000062000000
  m_SharedTextures: []
  m_Positions:
  - {x: 0, y: 0, z: 0}
  - {x: 0, y: 1.4353518, z: 0}
  - {x: -0.009549148, y: 0, z: 0.029389262}
  - {x: -0.009548187, y: 1.4353518, z: 0.029389381}
  - {x: -0.009549148, y: 0, z: 0.029389262}
  - {x: -0.009548187, y: 1.4353518, z: 0.029389381}
  - {x: -0.03454915, y: 0, z: 0.047552828}
  - {x: -0.034549713, y: 1.4353518, z: 0.047553062}
  - {x: -0.03454915, y: 0, z: 0.047552828}
  - {x: -0.034549713, y: 1.4353518, z: 0.047553062}
  - {x: -0.06545085, y: 0, z: 0.047552828}
  - {x: -0.065452576, y: 1.4353518, z: 0.047553062}
  - {x: -0.06545085, y: 0, z: 0.047552828}
  - {x: -0.065452576, y: 1.4353518, z: 0.047553062}
  - {x: -0.09045085, y: 0, z: 0.02938926}
  - {x: -0.09045029, y: 1.4353518, z: 0.029389381}
  - {x: -0.09045085, y: 0, z: 0.02938926}
  - {x: -0.09045029, y: 1.4353518, z: 0.029389381}
  - {x: -0.1, y: 0, z: -0.000000004371139}
  - {x: -0.099998474, y: 1.4353518, z: 0}
  - {x: -0.1, y: 0, z: -0.000000004371139}
  - {x: -0.099998474, y: 1.4353518, z: 0}
  - {x: -0.09045085, y: 0, z: -0.029389257}
  - {x: -0.09045029, y: 1.4353518, z: -0.029389381}
  - {x: -0.09045085, y: 0, z: -0.029389257}
  - {x: -0.09045029, y: 1.4353518, z: -0.029389381}
  - {x: -0.065450855, y: 0, z: -0.047552824}
  - {x: -0.065452576, y: 1.4353518, z: -0.047552586}
  - {x: -0.065450855, y: 0, z: -0.047552824}
  - {x: -0.065452576, y: 1.4353518, z: -0.047552586}
  - {x: -0.034549143, y: 0, z: -0.047552824}
  - {x: -0.034549713, y: 1.4353518, z: -0.047552586}
  - {x: -0.034549143, y: 0, z: -0.047552824}
  - {x: -0.034549713, y: 1.4353518, z: -0.047552586}
  - {x: -0.009549152, y: 0, z: -0.029389266}
  - {x: -0.009548187, y: 1.4353518, z: -0.029389381}
  - {x: -0.009549152, y: 0, z: -0.029389266}
  - {x: -0.009548187, y: 1.4353518, z: -0.029389381}
  - {x: 0, y: 0, z: 0}
  - {x: 0, y: 1.4353518, z: 0}
  - {x: 0, y: 0, z: 0}
  - {x: -0.05, y: 0, z: 0}
  - {x: -0.009549148, y: 0, z: 0.029389262}
  - {x: 0, y: 1.4353518, z: 0}
  - {x: -0.049999237, y: 1.4353518, z: 0}
  - {x: -0.009548187, y: 1.4353518, z: 0.029389381}
  - {x: -0.009549148, y: 0, z: 0.029389262}
  - {x: -0.05, y: 0, z: 0}
  - {x: -0.03454915, y: 0, z: 0.047552828}
  - {x: -0.009548187, y: 1.4353518, z: 0.029389381}
  - {x: -0.049999237, y: 1.4353518, z: 0}
  - {x: -0.034549713, y: 1.4353518, z: 0.047553062}
  - {x: -0.03454915, y: 0, z: 0.047552828}
  - {x: -0.05, y: 0, z: 0}
  - {x: -0.06545085, y: 0, z: 0.047552828}
  - {x: -0.034549713, y: 1.4353518, z: 0.047553062}
  - {x: -0.049999237, y: 1.4353518, z: 0}
  - {x: -0.065452576, y: 1.4353518, z: 0.047553062}
  - {x: -0.06545085, y: 0, z: 0.047552828}
  - {x: -0.05, y: 0, z: 0}
  - {x: -0.09045085, y: 0, z: 0.02938926}
  - {x: -0.065452576, y: 1.4353518, z: 0.047553062}
  - {x: -0.049999237, y: 1.4353518, z: 0}
  - {x: -0.09045029, y: 1.4353518, z: 0.029389381}
  - {x: -0.09045085, y: 0, z: 0.02938926}
  - {x: -0.05, y: 0, z: 0}
  - {x: -0.1, y: 0, z: -0.000000004371139}
  - {x: -0.09045029, y: 1.4353518, z: 0.029389381}
  - {x: -0.049999237, y: 1.4353518, z: 0}
  - {x: -0.099998474, y: 1.4353518, z: 0}
  - {x: -0.1, y: 0, z: -0.000000004371139}
  - {x: -0.05, y: 0, z: 0}
  - {x: -0.09045085, y: 0, z: -0.029389257}
  - {x: -0.099998474, y: 1.4353518, z: 0}
  - {x: -0.049999237, y: 1.4353518, z: 0}
  - {x: -0.09045029, y: 1.4353518, z: -0.029389381}
  - {x: -0.09045085, y: 0, z: -0.029389257}
  - {x: -0.05, y: 0, z: 0}
  - {x: -0.065450855, y: 0, z: -0.047552824}
  - {x: -0.09045029, y: 1.4353518, z: -0.029389381}
  - {x: -0.049999237, y: 1.4353518, z: 0}
  - {x: -0.065452576, y: 1.4353518, z: -0.047552586}
  - {x: -0.065450855, y: 0, z: -0.047552824}
  - {x: -0.05, y: 0, z: 0}
  - {x: -0.034549143, y: 0, z: -0.047552824}
  - {x: -0.065452576, y: 1.4353518, z: -0.047552586}
  - {x: -0.049999237, y: 1.4353518, z: 0}
  - {x: -0.034549713, y: 1.4353518, z: -0.047552586}
  - {x: -0.034549143, y: 0, z: -0.047552824}
  - {x: -0.05, y: 0, z: 0}
  - {x: -0.009549152, y: 0, z: -0.029389266}
  - {x: -0.034549713, y: 1.4353518, z: -0.047552586}
  - {x: -0.049999237, y: 1.4353518, z: 0}
  - {x: -0.009548187, y: 1.4353518, z: -0.029389381}
  - {x: -0.009549152, y: 0, z: -0.029389266}
  - {x: -0.05, y: 0, z: 0}
  - {x: 0, y: 0, z: 0}
  - {x: -0.009548187, y: 1.4353518, z: -0.029389381}
  - {x: -0.049999237, y: 1.4353518, z: 0}
  - {x: 0, y: 1.4353518, z: 0}
  m_Textures0:
  - {x: 0, y: 0}
  - {x: 0, y: 1.4353518}
  - {x: 0.030901698, y: 0}
  - {x: 0.030901516, y: 1.4353518}
  - {x: 0.024999999, y: 0.000000008369356}
  - {x: 0.02499929, y: 1.4353518}
  - {x: 0.055901702, y: 0.000000008369357}
  - {x: 0.055902295, y: 1.4353518}
  - {x: 0.03454915, y: 0.000000007775327}
  - {x: 0.034549713, y: 1.4353518}
  - {x: 0.06545085, y: 0.000000007775327}
  - {x: 0.065452576, y: 1.4353518}
  - {x: 0.024999995, y: 0.000000064641135}
  - {x: 0.025001256, y: 1.435352}
  - {x: 0.055901702, y: 0.000000064641135}
  - {x: 0.055901174, y: 1.435352}
  - {x: -0.000000004827446, y: -0.00000003320374}
  - {x: -0.0000002949527, y: 1.4353518}
  - {x: 0.030901697, y: -0.00000003320374}
  - {x: 0.03090122, y: 1.4353518}
  - {x: -0.0309017, y: -0.000000096338965}
  - {x: -0.03090123, y: 1.4353517}
  - {x: -0.000000011249834, y: -0.000000096338965}
  - {x: 0.00000028241845, y: 1.4353517}
  - {x: -0.05590169, y: -0.000000012429236}
  - {x: -0.055901162, y: 1.4353518}
  - {x: -0.024999993, y: -0.000000012429236}
  - {x: -0.025001526, y: 1.4353518}
  - {x: -0.065450855, y: -0.000000007898743}
  - {x: -0.065452576, y: 1.4353518}
  - {x: -0.034549143, y: -0.000000007898743}
  - {x: -0.034549713, y: 1.4353518}
  - {x: -0.05590169, y: -0.000000006680332}
  - {x: -0.05590201, y: 1.4353518}
  - {x: -0.025000004, y: -0.000000006680331}
  - {x: -0.02499929, y: 1.4353518}
  - {x: -0.030901704, y: -1.6646257e-16}
  - {x: -0.030901516, y: 1.4353518}
  - {x: 0, y: 0}
  - {x: 0, y: 1.4353518}
  - {x: 0, y: 0}
  - {x: 0.05, y: 0}
  - {x: 0.009549148, y: 0.029389262}
  - {x: 0, y: 0}
  - {x: -0.049999237, y: 0}
  - {x: -0.009548187, y: 0.029389381}
  - {x: 0.009549148, y: 0.029389262}
  - {x: 0.05, y: 0}
  - {x: 0.03454915, y: 0.047552828}
  - {x: -0.009548187, y: 0.029389381}
  - {x: -0.049999237, y: 0}
  - {x: -0.034549713, y: 0.047553062}
  - {x: 0.03454915, y: 0.047552828}
  - {x: 0.05, y: 0}
  - {x: 0.06545085, y: 0.047552828}
  - {x: -0.034549713, y: 0.047553062}
  - {x: -0.049999237, y: 0}
  - {x: -0.065452576, y: 0.047553062}
  - {x: 0.06545085, y: 0.047552828}
  - {x: 0.05, y: 0}
  - {x: 0.09045085, y: 0.02938926}
  - {x: -0.065452576, y: 0.047553062}
  - {x: -0.049999237, y: 0}
  - {x: -0.09045029, y: 0.029389381}
  - {x: 0.09045085, y: 0.02938926}
  - {x: 0.05, y: 0}
  - {x: 0.1, y: -0.000000004371139}
  - {x: -0.09045029, y: 0.029389381}
  - {x: -0.049999237, y: 0}
  - {x: -0.099998474, y: 0}
  - {x: 0.1, y: -0.000000004371139}
  - {x: 0.05, y: 0}
  - {x: 0.09045085, y: -0.029389257}
  - {x: -0.099998474, y: 0}
  - {x: -0.049999237, y: 0}
  - {x: -0.09045029, y: -0.029389381}
  - {x: 0.09045085, y: -0.029389257}
  - {x: 0.05, y: 0}
  - {x: 0.065450855, y: -0.047552824}
  - {x: -0.09045029, y: -0.029389381}
  - {x: -0.049999237, y: 0}
  - {x: -0.065452576, y: -0.047552586}
  - {x: 0.065450855, y: -0.047552824}
  - {x: 0.05, y: 0}
  - {x: 0.034549143, y: -0.047552824}
  - {x: -0.065452576, y: -0.047552586}
  - {x: -0.049999237, y: 0}
  - {x: -0.034549713, y: -0.047552586}
  - {x: 0.034549143, y: -0.047552824}
  - {x: 0.05, y: 0}
  - {x: 0.009549152, y: -0.029389266}
  - {x: -0.034549713, y: -0.047552586}
  - {x: -0.049999237, y: 0}
  - {x: -0.009548187, y: -0.029389381}
  - {x: 0.009549152, y: -0.029389266}
  - {x: 0.05, y: 0}
  - {x: 0, y: 0}
  - {x: -0.009548187, y: -0.029389381}
  - {x: -0.049999237, y: 0}
  - {x: 0, y: 0}
  m_Textures2: []
  m_Textures3: []
  m_Tangents:
  - {x: -0.000007677305, y: -0.000000056725018, z: 1, w: -1}
  - {x: -0.000007708602, y: -0.000000056579783, z: 1, w: -1}
  - {x: -0.58777905, y: 0.0000001352987, z: 0.80902153, w: -1}
  - {x: -0.587778, y: 0.00000014416062, z: 0.80902225, w: -1}
  - {x: -0.58777905, y: -0.0000001352987, z: 0.80902153, w: -1}
  - {x: -0.587778, y: -0.00000014416064, z: 0.80902225, w: -1}
  - {x: -0.9510585, y: 0.000000058908814, z: 0.30901086, w: -1}
  - {x: -0.9510605, y: 0.000000011179116, z: 0.30900463, w: -1}
  - {x: -0.9510585, y: -0.000000058908835, z: 0.30901083, w: -1}
  - {x: -0.9510605, y: -0.000000011179118, z: 0.3090047, w: -1}
  - {x: -0.95105654, y: 0.0000001714416, z: -0.30901706, w: -1}
  - {x: -0.95105296, y: 0.00000008571189, z: -0.30902812, w: -1}
  - {x: -0.95105654, y: -0.00000017144156, z: -0.30901697, w: -1}
  - {x: -0.95105296, y: -0.00000008571189, z: -0.30902806, w: -1}
  - {x: -0.58777577, y: -0.0000000018600965, z: -0.8090239, w: -1}
  - {x: -0.58776015, y: -0.00000014413614, z: -0.80903524, w: -1}
  - {x: -0.58777577, y: 0.0000000018600962, z: -0.80902386, w: -1}
  - {x: -0.5877602, y: 0.0000001441362, z: -0.8090352, w: -1}
  - {x: 0.000007771313, y: -0.00000028921582, z: -1, w: -1}
  - {x: 0.000007708602, y: -0.00000028898327, z: -1, w: -1}
  - {x: 0.000007739976, y: 0.00000028921582, z: -1, w: -1}
  - {x: 0.000007708602, y: 0.0000002889833, z: -1, w: -1}
  - {x: 0.58777905, y: -0.0000001438671, z: -0.80902153, w: -1}
  - {x: 0.5877659, y: -0.000000024577322, z: -0.8090311, w: -1}
  - {x: 0.5877789, y: 0.00000014386708, z: -0.8090216, w: -1}
  - {x: 0.5877659, y: 0.000000024577314, z: -0.809031, w: -1}
  - {x: 0.95105386, y: 0.0000000065511707, z: -0.3090252, w: -1}
  - {x: 0.95105124, y: 0.00000006907471, z: -0.30903324, w: -1}
  - {x: 0.95105386, y: -0.000000006551171, z: -0.30902517, w: -1}
  - {x: 0.95105124, y: -0.00000006907472, z: -0.30903324, w: -1}
  - {x: 0.95105654, y: -0.00000009119965, z: 0.30901703, w: -1}
  - {x: 0.9510595, y: -0.00000002048172, z: 0.3090079, w: -1}
  - {x: 0.95105654, y: 0.00000009119963, z: 0.30901694, w: -1}
  - {x: 0.9510595, y: 0.000000020481703, z: 0.30900782, w: -1}
  - {x: 0.587793, y: 0.00000012134925, z: 0.80901134, w: -1}
  - {x: 0.58779454, y: 0.00000013534905, z: 0.8090102, w: -1}
  - {x: 0.58779305, y: -0.00000012134926, z: 0.80901134, w: -1}
  - {x: 0.58779466, y: -0.00000013534905, z: 0.8090102, w: -1}
  - {x: -0.000007708641, y: 0.00000005672502, z: 1, w: -1}
  - {x: -0.000007708602, y: 0.000000056579793, z: 1, w: -1}
  - {x: -1, y: 0, z: 0, w: -1}
  - {x: -1, y: 0, z: 0, w: -1}
  - {x: -1, y: 0, z: 0, w: -1}
  - {x: 1, y: 0, z: 0, w: -1}
  - {x: 1, y: 0, z: 0, w: -1}
  - {x: 1, y: 0, z: 0, w: -1}
  - {x: -1, y: 0, z: 0, w: -1}
  - {x: -1, y: 0, z: 0, w: -1}
  - {x: -1, y: 0, z: 0, w: -1}
  - {x: 1, y: 0, z: 0, w: -1}
  - {x: 1, y: 0, z: 0, w: -1}
  - {x: 1, y: 0, z: 0, w: -1}
  - {x: -1, y: 0, z: 0, w: -1}
  - {x: -1, y: 0, z: 0, w: -1}
  - {x: -1, y: 0, z: 0, w: -1}
  - {x: 1, y: 0, z: 0, w: -1}
  - {x: 1, y: 0, z: 0, w: -1}
  - {x: 1, y: 0, z: 0, w: -1}
  - {x: -1, y: 0, z: 0, w: -1}
  - {x: -1, y: 0, z: 0, w: -1}
  - {x: -1, y: 0, z: 0, w: -1}
  - {x: 1, y: 0, z: 0, w: -1}
  - {x: 1, y: 0, z: 0, w: -1}
  - {x: 1, y: 0, z: 0, w: -1}
  - {x: -1, y: 0, z: 0, w: -1}
  - {x: -1, y: 0, z: 0, w: -1}
  - {x: -1, y: 0, z: 0, w: -1}
  - {x: 1, y: 0, z: 0, w: -1}
  - {x: 1, y: 0, z: 0, w: -1}
  - {x: 1, y: 0, z: 0, w: -1}
  - {x: -1, y: 0, z: 0, w: -1}
  - {x: -1, y: 0, z: 0, w: -1}
  - {x: -1, y: 0, z: 0, w: -1}
  - {x: 1, y: 0, z: 0, w: -1}
  - {x: 1, y: 0, z: 0, w: -1}
  - {x: 1, y: 0, z: 0, w: -1}
  - {x: -1, y: 0, z: 0, w: -1}
  - {x: -1, y: 0, z: 0, w: -1}
  - {x: -1, y: 0, z: 0, w: -1}
  - {x: 1, y: 0, z: 0, w: -1}
  - {x: 1, y: 0, z: 0, w: -1}
  - {x: 1, y: 0, z: 0, w: -1}
  - {x: -1, y: 0, z: 0, w: -1}
  - {x: -1, y: 0, z: 0, w: -1}
  - {x: -1, y: 0, z: 0, w: -1}
  - {x: 1, y: 0, z: 0, w: -1}
  - {x: 1, y: 0, z: 0, w: -1}
  - {x: 1, y: 0, z: 0, w: -1}
  - {x: -1, y: 0, z: 0, w: -1}
  - {x: -1, y: 0, z: 0, w: -1}
  - {x: -1, y: 0, z: 0, w: -1}
  - {x: 1, y: 0, z: 0, w: -1}
  - {x: 1, y: 0, z: 0, w: -1}
  - {x: 1, y: 0, z: 0, w: -1}
  - {x: -1, y: 0, z: 0, w: -1}
  - {x: -1, y: 0, z: 0, w: -1}
  - {x: -1, y: 0, z: 0, w: -1}
  - {x: 1, y: 0, z: 0, w: -1}
  - {x: 1, y: 0, z: 0, w: -1}
  - {x: 1, y: 0, z: 0, w: -1}
  m_Colors: []
  m_UnwrapParameters:
    m_HardAngle: 88
    m_PackMargin: 20
    m_AngleError: 8
    m_AreaError: 15
  m_PreserveMeshAssetOnDestroy: 0
  assetGuid: 
  m_IsSelectable: 1
  m_SelectedFaces: 
  m_SelectedEdges: []
  m_SelectedVertices: 
--- !u!64 &2725519349236177607
MeshCollider:
  m_ObjectHideFlags: 0
  m_CorrespondingSourceObject: {fileID: 0}
  m_PrefabInstance: {fileID: 0}
  m_PrefabAsset: {fileID: 0}
  m_GameObject: {fileID: 2725519349236177606}
  m_Material: {fileID: 0}
  m_IsTrigger: 0
  m_Enabled: 1
  serializedVersion: 3
  m_Convex: 0
  m_CookingOptions: 14
  m_Mesh: {fileID: 0}
--- !u!1 &2725519349303542817
GameObject:
  m_ObjectHideFlags: 0
  m_CorrespondingSourceObject: {fileID: 0}
  m_PrefabInstance: {fileID: 0}
  m_PrefabAsset: {fileID: 0}
  serializedVersion: 6
  m_Component:
  - component: {fileID: 2725519349303542846}
  - component: {fileID: 2725519349303542845}
  - component: {fileID: 2725519349303542844}
  - component: {fileID: 2725519349303542819}
  - component: {fileID: 2725519349303542818}
  m_Layer: 0
  m_Name: Cube (64)
  m_TagString: Untagged
  m_Icon: {fileID: 0}
  m_NavMeshLayer: 0
  m_StaticEditorFlags: 0
  m_IsActive: 1
--- !u!4 &2725519349303542846
Transform:
  m_ObjectHideFlags: 0
  m_CorrespondingSourceObject: {fileID: 0}
  m_PrefabInstance: {fileID: 0}
  m_PrefabAsset: {fileID: 0}
  m_GameObject: {fileID: 2725519349303542817}
  m_LocalRotation: {x: -0, y: -0, z: -0, w: 1}
  m_LocalPosition: {x: -2.113266, y: 1.7918077, z: 0.17118216}
  m_LocalScale: {x: 1, y: 1, z: 1}
  m_Children: []
  m_Father: {fileID: 8520330034808854458}
  m_RootOrder: 1
  m_LocalEulerAnglesHint: {x: 0, y: 0, z: 0}
--- !u!33 &2725519349303542845
MeshFilter:
  m_ObjectHideFlags: 0
  m_CorrespondingSourceObject: {fileID: 0}
  m_PrefabInstance: {fileID: 0}
  m_PrefabAsset: {fileID: 0}
  m_GameObject: {fileID: 2725519349303542817}
  m_Mesh: {fileID: 0}
--- !u!23 &2725519349303542844
MeshRenderer:
  m_ObjectHideFlags: 0
  m_CorrespondingSourceObject: {fileID: 0}
  m_PrefabInstance: {fileID: 0}
  m_PrefabAsset: {fileID: 0}
  m_GameObject: {fileID: 2725519349303542817}
  m_Enabled: 1
  m_CastShadows: 1
  m_ReceiveShadows: 1
  m_DynamicOccludee: 1
  m_MotionVectors: 1
  m_LightProbeUsage: 1
  m_ReflectionProbeUsage: 1
  m_RenderingLayerMask: 1
  m_RendererPriority: 0
  m_Materials:
  - {fileID: 2100000, guid: c22777d6e868e4f2fb421913386b154e, type: 2}
  m_StaticBatchInfo:
    firstSubMesh: 0
    subMeshCount: 0
  m_StaticBatchRoot: {fileID: 0}
  m_ProbeAnchor: {fileID: 0}
  m_LightProbeVolumeOverride: {fileID: 0}
  m_ScaleInLightmap: 1
  m_PreserveUVs: 0
  m_IgnoreNormalsForChartDetection: 0
  m_ImportantGI: 0
  m_StitchLightmapSeams: 1
  m_SelectedEditorRenderState: 2
  m_MinimumChartSize: 4
  m_AutoUVMaxDistance: 0.5
  m_AutoUVMaxAngle: 89
  m_LightmapParameters: {fileID: 0}
  m_SortingLayerID: 0
  m_SortingLayer: 0
  m_SortingOrder: 0
--- !u!114 &2725519349303542819
MonoBehaviour:
  m_ObjectHideFlags: 0
  m_CorrespondingSourceObject: {fileID: 0}
  m_PrefabInstance: {fileID: 0}
  m_PrefabAsset: {fileID: 0}
  m_GameObject: {fileID: 2725519349303542817}
  m_Enabled: 1
  m_EditorHideFlags: 0
  m_Script: {fileID: 11500000, guid: 8233d90336aea43098adf6dbabd606a2, type: 3}
  m_Name: 
  m_EditorClassIdentifier: 
  m_MeshFormatVersion: 1
  m_Faces:
  - m_Indexes: 000000000100000002000000010000000300000002000000
    m_SmoothingGroup: 0
    m_Uv:
      m_UseWorldSpace: 0
      m_FlipU: 0
      m_FlipV: 0
      m_SwapUV: 0
      m_Fill: 1
      m_Scale: {x: 1, y: 1}
      m_Offset: {x: 0, y: 0}
      m_Rotation: 0
      m_Anchor: 9
    m_Material: {fileID: 0}
    m_SubmeshIndex: 0
    m_ManualUV: 0
    elementGroup: -1
    m_TextureGroup: -1
  - m_Indexes: 040000000500000006000000050000000700000006000000
    m_SmoothingGroup: 0
    m_Uv:
      m_UseWorldSpace: 0
      m_FlipU: 0
      m_FlipV: 0
      m_SwapUV: 0
      m_Fill: 1
      m_Scale: {x: 1, y: 1}
      m_Offset: {x: 0, y: 0}
      m_Rotation: 0
      m_Anchor: 9
    m_Material: {fileID: 0}
    m_SubmeshIndex: 0
    m_ManualUV: 0
    elementGroup: -1
    m_TextureGroup: -1
  - m_Indexes: 08000000090000000a000000090000000b0000000a000000
    m_SmoothingGroup: 0
    m_Uv:
      m_UseWorldSpace: 0
      m_FlipU: 0
      m_FlipV: 0
      m_SwapUV: 0
      m_Fill: 1
      m_Scale: {x: 1, y: 1}
      m_Offset: {x: 0, y: 0}
      m_Rotation: 0
      m_Anchor: 9
    m_Material: {fileID: 0}
    m_SubmeshIndex: 0
    m_ManualUV: 0
    elementGroup: -1
    m_TextureGroup: -1
  - m_Indexes: 0c0000000d0000000e0000000d0000000f0000000e000000
    m_SmoothingGroup: 0
    m_Uv:
      m_UseWorldSpace: 0
      m_FlipU: 0
      m_FlipV: 0
      m_SwapUV: 0
      m_Fill: 1
      m_Scale: {x: 1, y: 1}
      m_Offset: {x: 0, y: 0}
      m_Rotation: 0
      m_Anchor: 9
    m_Material: {fileID: 0}
    m_SubmeshIndex: 0
    m_ManualUV: 0
    elementGroup: -1
    m_TextureGroup: -1
  - m_Indexes: 100000001100000012000000110000001300000012000000
    m_SmoothingGroup: 0
    m_Uv:
      m_UseWorldSpace: 0
      m_FlipU: 0
      m_FlipV: 0
      m_SwapUV: 0
      m_Fill: 1
      m_Scale: {x: 1, y: 1}
      m_Offset: {x: 0, y: 0}
      m_Rotation: 0
      m_Anchor: 9
    m_Material: {fileID: 0}
    m_SubmeshIndex: 0
    m_ManualUV: 0
    elementGroup: -1
    m_TextureGroup: -1
  - m_Indexes: 140000001500000016000000150000001700000016000000
    m_SmoothingGroup: 0
    m_Uv:
      m_UseWorldSpace: 0
      m_FlipU: 0
      m_FlipV: 0
      m_SwapUV: 0
      m_Fill: 1
      m_Scale: {x: 1, y: 1}
      m_Offset: {x: 0, y: 0}
      m_Rotation: 0
      m_Anchor: 9
    m_Material: {fileID: 0}
    m_SubmeshIndex: 0
    m_ManualUV: 0
    elementGroup: -1
    m_TextureGroup: -1
  m_SharedVertices:
  - m_Vertices: 000000000d00000016000000
  - m_Vertices: 010000000400000017000000
  - m_Vertices: 020000000f00000010000000
  - m_Vertices: 030000000600000011000000
  - m_Vertices: 050000000800000015000000
  - m_Vertices: 070000000a00000013000000
  - m_Vertices: 090000000c00000014000000
  - m_Vertices: 0b0000000e00000012000000
  m_SharedTextures: []
  m_Positions:
  - {x: -0.9519348, y: 0.80107975, z: 0}
  - {x: 0.9955292, y: 0.80107975, z: 0}
  - {x: -0.9519348, y: 1, z: 0}
  - {x: 0.9955292, y: 1, z: 0}
  - {x: 0.9955292, y: 0.80107975, z: 0}
  - {x: 0.9955292, y: 0.80107975, z: -0.4457345}
  - {x: 0.9955292, y: 1, z: 0}
  - {x: 0.9955292, y: 1, z: -0.4457345}
  - {x: 0.9955292, y: 0.80107975, z: -0.4457345}
  - {x: -0.9519348, y: 0.80107975, z: -0.4457345}
  - {x: 0.9955292, y: 1, z: -0.4457345}
  - {x: -0.9519348, y: 1, z: -0.4457345}
  - {x: -0.9519348, y: 0.80107975, z: -0.4457345}
  - {x: -0.9519348, y: 0.80107975, z: 0}
  - {x: -0.9519348, y: 1, z: -0.4457345}
  - {x: -0.9519348, y: 1, z: 0}
  - {x: -0.9519348, y: 1, z: 0}
  - {x: 0.9955292, y: 1, z: 0}
  - {x: -0.9519348, y: 1, z: -0.4457345}
  - {x: 0.9955292, y: 1, z: -0.4457345}
  - {x: -0.9519348, y: 0.80107975, z: -0.4457345}
  - {x: 0.9955292, y: 0.80107975, z: -0.4457345}
  - {x: -0.9519348, y: 0.80107975, z: 0}
  - {x: 0.9955292, y: 0.80107975, z: 0}
  m_Textures0:
  - {x: 0.9519348, y: 0.80107975}
  - {x: -0.9955292, y: 0.80107975}
  - {x: 0.9519348, y: 1}
  - {x: -0.9955292, y: 1}
  - {x: 0, y: 0.80107975}
  - {x: -0.4457345, y: 0.80107975}
  - {x: 0, y: 1}
  - {x: -0.4457345, y: 1}
  - {x: 0.9955292, y: 0.80107975}
  - {x: -0.9519348, y: 0.80107975}
  - {x: 0.9955292, y: 1}
  - {x: -0.9519348, y: 1}
  - {x: 0.4457345, y: 0.80107975}
  - {x: 0, y: 0.80107975}
  - {x: 0.4457345, y: 1}
  - {x: 0, y: 1}
  - {x: -0.9519348, y: 0}
  - {x: 0.9955292, y: 0}
  - {x: -0.9519348, y: -0.4457345}
  - {x: 0.9955292, y: -0.4457345}
  - {x: 0.9519348, y: -0.4457345}
  - {x: -0.9955292, y: -0.4457345}
  - {x: 0.9519348, y: 0}
  - {x: -0.9955292, y: 0}
  m_Textures2: []
  m_Textures3: []
  m_Tangents:
  - {x: -1, y: 0, z: 0, w: -1}
  - {x: -1, y: 0, z: 0, w: -1}
  - {x: -1, y: 0, z: 0, w: -1}
  - {x: -1, y: 0, z: 0, w: -1}
  - {x: 0, y: 0, z: 1, w: -1}
  - {x: 0, y: 0, z: 1, w: -1}
  - {x: 0, y: 0, z: 1, w: -1}
  - {x: 0, y: 0, z: 1, w: -1}
  - {x: 1, y: 0, z: 0, w: -1}
  - {x: 1, y: 0, z: 0, w: -1}
  - {x: 1, y: 0, z: 0, w: -1}
  - {x: 1, y: 0, z: 0, w: -1}
  - {x: 0, y: 0, z: -1, w: -1}
  - {x: 0, y: 0, z: -1, w: -1}
  - {x: 0, y: 0, z: -1, w: -1}
  - {x: 0, y: 0, z: -1, w: -1}
  - {x: 1, y: 0, z: 0, w: -1}
  - {x: 1, y: 0, z: 0, w: -1}
  - {x: 1, y: 0, z: 0, w: -1}
  - {x: 1, y: 0, z: 0, w: -1}
  - {x: -1, y: 0, z: 0, w: -1}
  - {x: -1, y: 0, z: 0, w: -1}
  - {x: -1, y: 0, z: 0, w: -1}
  - {x: -1, y: 0, z: 0, w: -1}
  m_Colors: []
  m_UnwrapParameters:
    m_HardAngle: 88
    m_PackMargin: 20
    m_AngleError: 8
    m_AreaError: 15
  m_PreserveMeshAssetOnDestroy: 0
  assetGuid: 
  m_IsSelectable: 1
  m_SelectedFaces: 
  m_SelectedEdges: []
  m_SelectedVertices: 
--- !u!64 &2725519349303542818
MeshCollider:
  m_ObjectHideFlags: 0
  m_CorrespondingSourceObject: {fileID: 0}
  m_PrefabInstance: {fileID: 0}
  m_PrefabAsset: {fileID: 0}
  m_GameObject: {fileID: 2725519349303542817}
  m_Material: {fileID: 0}
  m_IsTrigger: 0
  m_Enabled: 1
  serializedVersion: 3
  m_Convex: 0
  m_CookingOptions: 14
  m_Mesh: {fileID: 0}
--- !u!1 &8642198878892483779
GameObject:
  m_ObjectHideFlags: 0
  m_CorrespondingSourceObject: {fileID: 0}
  m_PrefabInstance: {fileID: 0}
  m_PrefabAsset: {fileID: 0}
  serializedVersion: 6
  m_Component:
  - component: {fileID: 8520330034808854458}
  m_Layer: 0
  m_Name: LightRed
  m_TagString: Untagged
  m_Icon: {fileID: 0}
  m_NavMeshLayer: 0
  m_StaticEditorFlags: 0
  m_IsActive: 1
--- !u!4 &8520330034808854458
Transform:
  m_ObjectHideFlags: 0
  m_CorrespondingSourceObject: {fileID: 0}
  m_PrefabInstance: {fileID: 0}
  m_PrefabAsset: {fileID: 0}
  m_GameObject: {fileID: 8642198878892483779}
  m_LocalRotation: {x: 0, y: 0, z: 0, w: 1}
  m_LocalPosition: {x: 68.09126, y: 6.828192, z: -4.3071823}
  m_LocalScale: {x: 1, y: 1, z: 1}
  m_Children:
  - {fileID: 2725519348659585617}
  - {fileID: 2725519349303542846}
  - {fileID: 2725519348009176448}
  - {fileID: 2725519349236177603}
  - {fileID: 2725519348142323204}
  m_Father: {fileID: 0}
  m_RootOrder: 0
  m_LocalEulerAnglesHint: {x: 0, y: 0, z: 0}
