%YAML 1.1
%TAG !u! tag:unity3d.com,2011:
--- !u!54 &2743522724402821011
Rigidbody:
  m_ObjectHideFlags: 0
  m_CorrespondingSourceObject: {fileID: 0}
  m_PrefabInstance: {fileID: 0}
  m_PrefabAsset: {fileID: 0}
  m_GameObject: {fileID: 2138484497419661771}
  serializedVersion: 2
  m_Mass: 1
  m_Drag: 0
  m_AngularDrag: 0.05
  m_UseGravity: 1
  m_IsKinematic: 0
  m_Interpolate: 0
  m_Constraints: 8
  m_CollisionDetection: 0
--- !u!64 &4030903805617512000
MeshCollider:
  m_ObjectHideFlags: 0
  m_CorrespondingSourceObject: {fileID: 0}
  m_PrefabInstance: {fileID: 0}
  m_PrefabAsset: {fileID: 0}
  m_GameObject: {fileID: 2138484497419661771}
  m_Material: {fileID: 0}
  m_IsTrigger: 0
  m_Enabled: 1
  serializedVersion: 3
  m_Convex: 1
  m_CookingOptions: 14
  m_Mesh: {fileID: -3354477300374538669, guid: c10173c46d9f85945a26d8d9e67f64a3, type: 3}
--- !u!54 &6933513056046058526
Rigidbody:
  m_ObjectHideFlags: 0
  m_CorrespondingSourceObject: {fileID: 0}
  m_PrefabInstance: {fileID: 0}
  m_PrefabAsset: {fileID: 0}
  m_GameObject: {fileID: 2589966591642568615}
  serializedVersion: 2
  m_Mass: 1
  m_Drag: 0
  m_AngularDrag: 0.05
  m_UseGravity: 1
  m_IsKinematic: 0
  m_Interpolate: 0
  m_Constraints: 8
  m_CollisionDetection: 0
--- !u!64 &7716104401729471404
MeshCollider:
  m_ObjectHideFlags: 0
  m_CorrespondingSourceObject: {fileID: 0}
  m_PrefabInstance: {fileID: 0}
  m_PrefabAsset: {fileID: 0}
  m_GameObject: {fileID: 2589966591642568615}
  m_Material: {fileID: 0}
  m_IsTrigger: 0
  m_Enabled: 1
  serializedVersion: 3
  m_Convex: 1
  m_CookingOptions: 14
  m_Mesh: {fileID: -8496992141300065428, guid: c10173c46d9f85945a26d8d9e67f64a3, type: 3}
--- !u!54 &4765171106284760198
Rigidbody:
  m_ObjectHideFlags: 0
  m_CorrespondingSourceObject: {fileID: 0}
  m_PrefabInstance: {fileID: 0}
  m_PrefabAsset: {fileID: 0}
  m_GameObject: {fileID: 3561511091031001248}
  serializedVersion: 2
  m_Mass: 1
  m_Drag: 0
  m_AngularDrag: 0.05
  m_UseGravity: 1
  m_IsKinematic: 0
  m_Interpolate: 0
  m_Constraints: 8
  m_CollisionDetection: 0
--- !u!64 &722040974228793324
MeshCollider:
  m_ObjectHideFlags: 0
  m_CorrespondingSourceObject: {fileID: 0}
  m_PrefabInstance: {fileID: 0}
  m_PrefabAsset: {fileID: 0}
  m_GameObject: {fileID: 3561511091031001248}
  m_Material: {fileID: 0}
  m_IsTrigger: 0
  m_Enabled: 1
  serializedVersion: 3
  m_Convex: 1
  m_CookingOptions: 14
  m_Mesh: {fileID: 93127337411807513, guid: c10173c46d9f85945a26d8d9e67f64a3, type: 3}
--- !u!54 &8952146995966853542
Rigidbody:
  m_ObjectHideFlags: 0
  m_CorrespondingSourceObject: {fileID: 0}
  m_PrefabInstance: {fileID: 0}
  m_PrefabAsset: {fileID: 0}
  m_GameObject: {fileID: 4625149050570269709}
  serializedVersion: 2
  m_Mass: 1
  m_Drag: 0
  m_AngularDrag: 0.05
  m_UseGravity: 1
  m_IsKinematic: 0
  m_Interpolate: 0
  m_Constraints: 8
  m_CollisionDetection: 0
--- !u!64 &7248891930429978449
MeshCollider:
  m_ObjectHideFlags: 0
  m_CorrespondingSourceObject: {fileID: 0}
  m_PrefabInstance: {fileID: 0}
  m_PrefabAsset: {fileID: 0}
  m_GameObject: {fileID: 4625149050570269709}
  m_Material: {fileID: 0}
  m_IsTrigger: 0
  m_Enabled: 1
  serializedVersion: 3
  m_Convex: 1
  m_CookingOptions: 14
  m_Mesh: {fileID: 534771112441842072, guid: c10173c46d9f85945a26d8d9e67f64a3, type: 3}
--- !u!54 &6883591509030737731
Rigidbody:
  m_ObjectHideFlags: 0
  m_CorrespondingSourceObject: {fileID: 0}
  m_PrefabInstance: {fileID: 0}
  m_PrefabAsset: {fileID: 0}
  m_GameObject: {fileID: 4653081015388126771}
  serializedVersion: 2
  m_Mass: 1
  m_Drag: 0
  m_AngularDrag: 0.05
  m_UseGravity: 1
  m_IsKinematic: 0
  m_Interpolate: 0
  m_Constraints: 8
  m_CollisionDetection: 0
--- !u!64 &2505557272205254861
MeshCollider:
  m_ObjectHideFlags: 0
  m_CorrespondingSourceObject: {fileID: 0}
  m_PrefabInstance: {fileID: 0}
  m_PrefabAsset: {fileID: 0}
  m_GameObject: {fileID: 4653081015388126771}
  m_Material: {fileID: 0}
  m_IsTrigger: 0
  m_Enabled: 1
  serializedVersion: 3
  m_Convex: 1
  m_CookingOptions: 14
  m_Mesh: {fileID: -4811385632601200285, guid: c10173c46d9f85945a26d8d9e67f64a3, type: 3}
--- !u!54 &154104716428014692
Rigidbody:
  m_ObjectHideFlags: 0
  m_CorrespondingSourceObject: {fileID: 0}
  m_PrefabInstance: {fileID: 0}
  m_PrefabAsset: {fileID: 0}
  m_GameObject: {fileID: 4855056528090503619}
  serializedVersion: 2
  m_Mass: 1
  m_Drag: 0
  m_AngularDrag: 0.05
  m_UseGravity: 1
  m_IsKinematic: 0
  m_Interpolate: 0
  m_Constraints: 8
  m_CollisionDetection: 0
--- !u!64 &6815217749456003576
MeshCollider:
  m_ObjectHideFlags: 0
  m_CorrespondingSourceObject: {fileID: 0}
  m_PrefabInstance: {fileID: 0}
  m_PrefabAsset: {fileID: 0}
  m_GameObject: {fileID: 4855056528090503619}
  m_Material: {fileID: 0}
  m_IsTrigger: 0
  m_Enabled: 1
  serializedVersion: 3
  m_Convex: 1
  m_CookingOptions: 14
  m_Mesh: {fileID: 3486849075856795717, guid: c10173c46d9f85945a26d8d9e67f64a3, type: 3}
--- !u!54 &599562784512953357
Rigidbody:
  m_ObjectHideFlags: 0
  m_CorrespondingSourceObject: {fileID: 0}
  m_PrefabInstance: {fileID: 0}
  m_PrefabAsset: {fileID: 0}
  m_GameObject: {fileID: 4973784414208318450}
  serializedVersion: 2
  m_Mass: 1
  m_Drag: 0
  m_AngularDrag: 0.05
  m_UseGravity: 1
  m_IsKinematic: 0
  m_Interpolate: 0
  m_Constraints: 8
  m_CollisionDetection: 0
--- !u!64 &3770263906040686540
MeshCollider:
  m_ObjectHideFlags: 0
  m_CorrespondingSourceObject: {fileID: 0}
  m_PrefabInstance: {fileID: 0}
  m_PrefabAsset: {fileID: 0}
  m_GameObject: {fileID: 4973784414208318450}
  m_Material: {fileID: 0}
  m_IsTrigger: 0
  m_Enabled: 1
  serializedVersion: 3
  m_Convex: 1
  m_CookingOptions: 14
  m_Mesh: {fileID: 6626165287595446212, guid: c10173c46d9f85945a26d8d9e67f64a3, type: 3}
--- !u!54 &8000773860628085593
Rigidbody:
  m_ObjectHideFlags: 0
  m_CorrespondingSourceObject: {fileID: 0}
  m_PrefabInstance: {fileID: 0}
  m_PrefabAsset: {fileID: 0}
  m_GameObject: {fileID: 6411444617009306395}
  serializedVersion: 2
  m_Mass: 1
  m_Drag: 0
  m_AngularDrag: 0.05
  m_UseGravity: 1
  m_IsKinematic: 0
  m_Interpolate: 0
  m_Constraints: 8
  m_CollisionDetection: 0
--- !u!64 &2280376802253580740
MeshCollider:
  m_ObjectHideFlags: 0
  m_CorrespondingSourceObject: {fileID: 0}
  m_PrefabInstance: {fileID: 0}
  m_PrefabAsset: {fileID: 0}
  m_GameObject: {fileID: 6411444617009306395}
  m_Material: {fileID: 0}
  m_IsTrigger: 0
  m_Enabled: 1
  serializedVersion: 3
  m_Convex: 1
  m_CookingOptions: 14
  m_Mesh: {fileID: 2272575603827944344, guid: c10173c46d9f85945a26d8d9e67f64a3, type: 3}
--- !u!54 &1011305812307035868
Rigidbody:
  m_ObjectHideFlags: 0
  m_CorrespondingSourceObject: {fileID: 0}
  m_PrefabInstance: {fileID: 0}
  m_PrefabAsset: {fileID: 0}
  m_GameObject: {fileID: 7396021395424445308}
  serializedVersion: 2
  m_Mass: 1
  m_Drag: 0
  m_AngularDrag: 0.05
  m_UseGravity: 1
  m_IsKinematic: 0
  m_Interpolate: 0
  m_Constraints: 8
  m_CollisionDetection: 0
--- !u!64 &1611253629576218563
MeshCollider:
  m_ObjectHideFlags: 0
  m_CorrespondingSourceObject: {fileID: 0}
  m_PrefabInstance: {fileID: 0}
  m_PrefabAsset: {fileID: 0}
  m_GameObject: {fileID: 7396021395424445308}
  m_Material: {fileID: 0}
  m_IsTrigger: 0
  m_Enabled: 1
  serializedVersion: 3
  m_Convex: 1
  m_CookingOptions: 14
  m_Mesh: {fileID: 5158471263488613806, guid: c10173c46d9f85945a26d8d9e67f64a3, type: 3}
--- !u!54 &2315552699803862033
Rigidbody:
  m_ObjectHideFlags: 0
  m_CorrespondingSourceObject: {fileID: 0}
  m_PrefabInstance: {fileID: 0}
  m_PrefabAsset: {fileID: 0}
  m_GameObject: {fileID: 8764968997635468010}
  serializedVersion: 2
  m_Mass: 1
  m_Drag: 0
  m_AngularDrag: 0.05
  m_UseGravity: 1
  m_IsKinematic: 0
  m_Interpolate: 0
  m_Constraints: 8
  m_CollisionDetection: 0
--- !u!64 &3489960390052787240
MeshCollider:
  m_ObjectHideFlags: 0
  m_CorrespondingSourceObject: {fileID: 0}
  m_PrefabInstance: {fileID: 0}
  m_PrefabAsset: {fileID: 0}
  m_GameObject: {fileID: 8764968997635468010}
  m_Material: {fileID: 0}
  m_IsTrigger: 0
  m_Enabled: 1
  serializedVersion: 3
  m_Convex: 1
  m_CookingOptions: 14
  m_Mesh: {fileID: -1860641636246398115, guid: c10173c46d9f85945a26d8d9e67f64a3, type: 3}
--- !u!1001 &2433694195520076487
PrefabInstance:
  m_ObjectHideFlags: 0
  serializedVersion: 2
  m_Modification:
    m_TransformParent: {fileID: 0}
    m_Modifications:
    - target: {fileID: -927199367670048503, guid: c10173c46d9f85945a26d8d9e67f64a3,
        type: 3}
      propertyPath: m_Name
      value: lp_crate_Breakable Variant
      objectReference: {fileID: 0}
    - target: {fileID: -4216859302048453862, guid: c10173c46d9f85945a26d8d9e67f64a3,
        type: 3}
      propertyPath: m_LocalPosition.x
      value: 2.1015453
      objectReference: {fileID: 0}
    - target: {fileID: -4216859302048453862, guid: c10173c46d9f85945a26d8d9e67f64a3,
        type: 3}
      propertyPath: m_LocalPosition.y
      value: 1.7691258
      objectReference: {fileID: 0}
    - target: {fileID: -4216859302048453862, guid: c10173c46d9f85945a26d8d9e67f64a3,
        type: 3}
      propertyPath: m_LocalPosition.z
      value: -4.947173
      objectReference: {fileID: 0}
    - target: {fileID: -4216859302048453862, guid: c10173c46d9f85945a26d8d9e67f64a3,
        type: 3}
      propertyPath: m_LocalRotation.x
      value: 0
      objectReference: {fileID: 0}
    - target: {fileID: -4216859302048453862, guid: c10173c46d9f85945a26d8d9e67f64a3,
        type: 3}
      propertyPath: m_LocalRotation.y
      value: 0
      objectReference: {fileID: 0}
    - target: {fileID: -4216859302048453862, guid: c10173c46d9f85945a26d8d9e67f64a3,
        type: 3}
      propertyPath: m_LocalRotation.z
      value: 0
      objectReference: {fileID: 0}
    - target: {fileID: -4216859302048453862, guid: c10173c46d9f85945a26d8d9e67f64a3,
        type: 3}
      propertyPath: m_LocalRotation.w
      value: 1
      objectReference: {fileID: 0}
    - target: {fileID: -4216859302048453862, guid: c10173c46d9f85945a26d8d9e67f64a3,
        type: 3}
      propertyPath: m_RootOrder
      value: 0
      objectReference: {fileID: 0}
    - target: {fileID: -4216859302048453862, guid: c10173c46d9f85945a26d8d9e67f64a3,
        type: 3}
      propertyPath: m_LocalEulerAnglesHint.x
      value: 0
      objectReference: {fileID: 0}
    - target: {fileID: -4216859302048453862, guid: c10173c46d9f85945a26d8d9e67f64a3,
        type: 3}
      propertyPath: m_LocalEulerAnglesHint.y
      value: 0
      objectReference: {fileID: 0}
    - target: {fileID: -4216859302048453862, guid: c10173c46d9f85945a26d8d9e67f64a3,
        type: 3}
      propertyPath: m_LocalEulerAnglesHint.z
      value: 0
      objectReference: {fileID: 0}
    - target: {fileID: 2344713853144621680, guid: c10173c46d9f85945a26d8d9e67f64a3,
        type: 3}
      propertyPath: m_Materials.Array.data[0]
      value: 
      objectReference: {fileID: 2100000, guid: 2e49928d6c9f6864bb3594042b73c2fe, type: 2}
    - target: {fileID: -6698577759878075021, guid: c10173c46d9f85945a26d8d9e67f64a3,
        type: 3}
      propertyPath: m_Materials.Array.data[0]
      value: 
      objectReference: {fileID: 2100000, guid: 2e49928d6c9f6864bb3594042b73c2fe, type: 2}
    - target: {fileID: 2833628342167581130, guid: c10173c46d9f85945a26d8d9e67f64a3,
        type: 3}
      propertyPath: m_Materials.Array.data[0]
      value: 
      objectReference: {fileID: 2100000, guid: 2e49928d6c9f6864bb3594042b73c2fe, type: 2}
    - target: {fileID: 185062075562524464, guid: c10173c46d9f85945a26d8d9e67f64a3,
        type: 3}
      propertyPath: m_Materials.Array.data[0]
      value: 
      objectReference: {fileID: 2100000, guid: 2e49928d6c9f6864bb3594042b73c2fe, type: 2}
    - target: {fileID: -8915169755008501182, guid: c10173c46d9f85945a26d8d9e67f64a3,
        type: 3}
      propertyPath: m_Materials.Array.data[0]
      value: 
      objectReference: {fileID: 2100000, guid: 2e49928d6c9f6864bb3594042b73c2fe, type: 2}
    - target: {fileID: -7603445040995271241, guid: c10173c46d9f85945a26d8d9e67f64a3,
        type: 3}
      propertyPath: m_Materials.Array.data[0]
      value: 
      objectReference: {fileID: 2100000, guid: 2e49928d6c9f6864bb3594042b73c2fe, type: 2}
    - target: {fileID: -1635824040877419305, guid: c10173c46d9f85945a26d8d9e67f64a3,
        type: 3}
      propertyPath: m_Materials.Array.data[0]
      value: 
      objectReference: {fileID: 2100000, guid: 2e49928d6c9f6864bb3594042b73c2fe, type: 2}
    - target: {fileID: 8956107984973143662, guid: c10173c46d9f85945a26d8d9e67f64a3,
        type: 3}
      propertyPath: m_Materials.Array.data[0]
      value: 
      objectReference: {fileID: 2100000, guid: 2e49928d6c9f6864bb3594042b73c2fe, type: 2}
    - target: {fileID: 5357165844417597374, guid: c10173c46d9f85945a26d8d9e67f64a3,
        type: 3}
      propertyPath: m_Materials.Array.data[0]
      value: 
      objectReference: {fileID: 2100000, guid: 2e49928d6c9f6864bb3594042b73c2fe, type: 2}
    - target: {fileID: 5586056338084668521, guid: c10173c46d9f85945a26d8d9e67f64a3,
        type: 3}
      propertyPath: m_Materials.Array.data[0]
      value: 
      objectReference: {fileID: 2100000, guid: 2e49928d6c9f6864bb3594042b73c2fe, type: 2}
    m_RemovedComponents: []
  m_SourcePrefab: {fileID: 100100000, guid: c10173c46d9f85945a26d8d9e67f64a3, type: 3}
--- !u!1 &4653081015388126771 stripped
GameObject:
  m_CorrespondingSourceObject: {fileID: -2209816619118115596, guid: c10173c46d9f85945a26d8d9e67f64a3,
    type: 3}
  m_PrefabInstance: {fileID: 2433694195520076487}
  m_PrefabAsset: {fileID: 0}
--- !u!1 &4855056528090503619 stripped
GameObject:
  m_CorrespondingSourceObject: {fileID: -2114836082932456700, guid: c10173c46d9f85945a26d8d9e67f64a3,
    type: 3}
  m_PrefabInstance: {fileID: 2433694195520076487}
  m_PrefabAsset: {fileID: 0}
--- !u!1 &2138484497419661771 stripped
GameObject:
  m_CorrespondingSourceObject: {fileID: 4353674241989118732, guid: c10173c46d9f85945a26d8d9e67f64a3,
    type: 3}
  m_PrefabInstance: {fileID: 2433694195520076487}
  m_PrefabAsset: {fileID: 0}
--- !u!1 &8764968997635468010 stripped
GameObject:
  m_CorrespondingSourceObject: {fileID: -2853774575794597843, guid: c10173c46d9f85945a26d8d9e67f64a3,
    type: 3}
  m_PrefabInstance: {fileID: 2433694195520076487}
  m_PrefabAsset: {fileID: 0}
--- !u!1 &3561511091031001248 stripped
GameObject:
  m_CorrespondingSourceObject: {fileID: -8022264923522125209, guid: c10173c46d9f85945a26d8d9e67f64a3,
    type: 3}
  m_PrefabInstance: {fileID: 2433694195520076487}
  m_PrefabAsset: {fileID: 0}
--- !u!1 &7396021395424445308 stripped
GameObject:
  m_CorrespondingSourceObject: {fileID: -4078636476159362629, guid: c10173c46d9f85945a26d8d9e67f64a3,
    type: 3}
  m_PrefabInstance: {fileID: 2433694195520076487}
  m_PrefabAsset: {fileID: 0}
--- !u!1 &2589966591642568615 stripped
GameObject:
  m_CorrespondingSourceObject: {fileID: -9063671145070625440, guid: c10173c46d9f85945a26d8d9e67f64a3,
    type: 3}
  m_PrefabInstance: {fileID: 2433694195520076487}
  m_PrefabAsset: {fileID: 0}
--- !u!1 &4625149050570269709 stripped
GameObject:
  m_CorrespondingSourceObject: {fileID: -2167951642952032566, guid: c10173c46d9f85945a26d8d9e67f64a3,
    type: 3}
  m_PrefabInstance: {fileID: 2433694195520076487}
  m_PrefabAsset: {fileID: 0}
--- !u!1 &6411444617009306395 stripped
GameObject:
  m_CorrespondingSourceObject: {fileID: -487460710276046372, guid: c10173c46d9f85945a26d8d9e67f64a3,
    type: 3}
  m_PrefabInstance: {fileID: 2433694195520076487}
  m_PrefabAsset: {fileID: 0}
--- !u!1 &4973784414208318450 stripped
GameObject:
  m_CorrespondingSourceObject: {fileID: -1963471119530483403, guid: c10173c46d9f85945a26d8d9e67f64a3,
    type: 3}
  m_PrefabInstance: {fileID: 2433694195520076487}
  m_PrefabAsset: {fileID: 0}
